2015.06.30 22:00:00.305,8.28673,8.29234,0.75,0.37
2015.06.30 22:00:01.517,8.28673,8.29227,0.75,0.75
2015.06.30 22:00:01.832,8.28932,8.29234,0.75,0.37
2015.06.30 22:00:01.883,8.28932,8.29236,0.75,0.37
2015.06.30 22:00:01.934,8.28932,8.29227,0.75,0.75
2015.06.30 22:00:02.246,8.28951,8.2922,0.75,0.37
2015.06.30 22:00:03.900,8.28951,8.29188,0.75,0.37
2015.06.30 22:00:03.950,8.28928,8.29188,0.75,0.37
2015.06.30 22:00:04.052,8.289,8.29188,0.75,0.37
2015.06.30 22:00:04.518,8.289,8.29221,0.75,0.37
2015.06.30 22:00:04.720,8.289,8.29204,0.75,0.37
2015.06.30 22:00:05.187,8.289,8.29212,0.75,0.37
2015.06.30 22:00:05.831,8.289,8.29182,0.75,0.37
2015.06.30 22:00:06.491,8.289,8.29212,0.75,0.37
2015.06.30 22:00:06.591,8.289,8.29182,0.75,0.37
2015.06.30 22:00:09.480,8.28893,8.29182,0.75,0.37
2015.06.30 22:00:09.801,8.28893,8.2915,0.75,0.37
2015.06.30 22:00:10.100,8.28883,8.2915,0.75,0.37
2015.06.30 22:00:10.280,8.28903,8.2915,0.75,0.37
2015.06.30 22:00:14.270,8.28885,8.2915,0.75,0.37
2015.06.30 22:00:52.795,8.28885,8.29116,0.75,0.37
2015.06.30 22:01:00.759,8.28849,8.29116,0.75,0.37
2015.06.30 22:01:07.310,8.28827,8.29116,0.75,0.37
2015.06.30 22:01:11.484,8.28827,8.29038,0.75,0.37
2015.06.30 22:01:11.764,8.28806,8.29038,0.75,0.37
2015.06.30 22:01:15.824,8.28806,8.29097,0.75,0.37
2015.06.30 22:01:16.135,8.28806,8.2904,0.75,0.37
2015.06.30 22:01:19.441,8.28806,8.29097,0.75,0.37
2015.06.30 22:01:24.268,8.28806,8.29128,0.75,0.37
2015.06.30 22:01:24.336,8.28832,8.29128,0.75,0.37
2015.06.30 22:01:28.862,8.28832,8.29159,0.75,0.37
2015.06.30 22:02:24.370,8.28659,8.29159,0.75,0.37
2015.06.30 22:02:30.226,8.28659,8.29179,0.75,0.37
2015.06.30 22:02:32.985,8.28659,8.29149,0.75,0.37
2015.06.30 22:02:35.181,8.28659,8.29181,0.75,0.37
2015.06.30 22:02:40.331,8.28663,8.29181,0.75,0.37
2015.06.30 22:02:47.203,8.28663,8.29176,0.75,0.37
2015.06.30 22:02:55.627,8.28659,8.29176,0.75,0.37
2015.06.30 22:03:26.163,8.28659,8.29193,0.75,0.37
2015.06.30 22:03:45.208,8.28659,8.29179,0.75,0.37
2015.06.30 22:03:47.112,8.28659,8.29186,0.75,0.37
2015.06.30 22:03:49.603,8.28663,8.29186,0.75,0.37
2015.06.30 22:03:49.916,8.28851,8.29155,0.75,0.37
2015.06.30 22:03:51.313,8.28851,8.29198,0.75,0.37
2015.06.30 22:03:51.415,8.28851,8.29207,0.75,0.75
2015.06.30 22:03:51.466,8.28881,8.29238,0.75,0.75
2015.06.30 22:03:51.618,8.28941,8.29298,0.75,0.75
2015.06.30 22:03:51.924,8.29081,8.29438,0.75,0.75
2015.06.30 22:03:52.025,8.28958,8.29577,0.75,0.75
2015.06.30 22:04:52.186,8.28756,8.2974,1.00,1.00
2015.06.30 22:04:53.013,8.28756,8.2974,1.00,1.75
2015.06.30 22:05:56.258,8.28756,8.2974,1.00,1.75
2015.06.30 22:06:30.089,8.28756,8.2974,1.00,1.75
2015.06.30 22:06:31.593,8.28763,8.2974,1.00,1.75
2015.06.30 22:06:33.597,8.28773,8.2974,1.00,1.75
2015.06.30 22:06:49.454,8.28756,8.2974,1.00,1.75
2015.06.30 22:06:59.652,8.28757,8.29739,1.00,1.75
2015.06.30 22:07:00.354,8.28783,8.2974,1.00,1.75
2015.06.30 22:07:01.357,8.28813,8.2974,1.00,1.75
2015.06.30 22:07:02.358,8.28823,8.2974,1.00,1.75
2015.06.30 22:07:03.360,8.28833,8.2974,1.00,1.75
2015.06.30 22:07:05.364,8.28843,8.2974,1.00,1.75
2015.06.30 22:07:08.670,8.28833,8.2974,1.00,1.75
2015.06.30 22:07:10.674,8.28843,8.2974,1.00,1.75
2015.06.30 22:07:11.476,8.28834,8.29739,1.00,1.75
2015.06.30 22:07:14.490,8.28823,8.2974,1.00,1.75
2015.06.30 22:07:16.299,8.28833,8.2974,1.00,1.75
2015.06.30 22:07:17.302,8.28823,8.2974,1.00,1.75
2015.06.30 22:07:18.563,8.28823,8.2974,1.00,1.00
2015.06.30 22:07:20.312,8.28833,8.2974,1.00,1.00
2015.06.30 22:07:28.833,8.28843,8.2974,1.00,1.00
2015.06.30 22:07:50.683,8.28833,8.2974,1.00,1.00
2015.06.30 22:07:53.806,8.28843,8.2974,1.00,1.00
2015.06.30 22:07:55.604,8.28843,8.2974,1.75,1.00
2015.06.30 22:08:01.081,8.28883,8.2974,1.00,1.00
2015.06.30 22:08:07.511,8.28893,8.2974,1.00,1.00
2015.06.30 22:08:08.563,8.28873,8.2974,1.00,1.00
2015.06.30 22:08:12.461,8.28863,8.2974,1.37,1.00
2015.06.30 22:08:15.860,8.28873,8.2974,1.00,1.00
2015.06.30 22:08:15.933,8.28863,8.2974,1.37,1.00
2015.06.30 22:08:22.641,8.28873,8.2974,1.00,1.00
2015.06.30 22:08:24.354,8.28883,8.2974,1.00,1.00
2015.06.30 22:08:24.622,8.28873,8.2974,1.00,1.00
2015.06.30 22:08:25.514,8.28883,8.2974,1.00,1.00
2015.06.30 22:08:25.942,8.28873,8.2974,1.00,1.00
2015.06.30 22:08:26.942,8.28883,8.2974,1.00,1.00
2015.06.30 22:08:29.037,8.28873,8.2974,1.00,1.00
2015.06.30 22:08:29.249,8.28883,8.2974,1.00,1.00
2015.06.30 22:08:29.461,8.28874,8.2974,1.00,1.00
2015.06.30 22:08:30.559,8.28893,8.2974,1.00,1.00
2015.06.30 22:08:30.782,8.28883,8.2974,1.00,1.00
2015.06.30 22:08:31.358,8.28893,8.2974,1.00,1.00
2015.06.30 22:08:32.609,8.28893,8.29739,1.00,1.00
2015.06.30 22:08:32.762,8.28884,8.29739,1.00,1.00
2015.06.30 22:08:33.288,8.28883,8.2974,1.00,1.00
2015.06.30 22:08:35.265,8.28873,8.2974,1.50,1.00
2015.06.30 22:08:35.402,8.28883,8.2974,1.00,1.00
2015.06.30 22:08:37.123,8.28873,8.2974,1.50,1.00
2015.06.30 22:08:40.130,8.28883,8.2974,1.00,1.00
2015.06.30 22:08:42.002,8.28873,8.2974,1.50,1.00
2015.06.30 22:08:42.545,8.28873,8.29739,1.00,1.00
2015.06.30 22:08:43.071,8.28873,8.2974,1.00,1.00
2015.06.30 22:08:44.312,8.28883,8.2974,1.00,1.00
2015.06.30 22:08:47.794,8.28884,8.29739,1.00,1.00
2015.06.30 22:08:53.673,8.28883,8.2974,1.00,1.00
2015.06.30 22:08:53.882,8.28874,8.2974,1.00,1.00
2015.06.30 22:08:56.384,8.28883,8.2974,1.00,1.00
2015.06.30 22:08:56.788,8.28874,8.2974,1.00,1.00
2015.06.30 22:08:57.827,8.28883,8.2974,1.00,1.00
2015.06.30 22:09:05.579,8.28893,8.2974,1.00,1.00
2015.06.30 22:09:06.161,8.28894,8.2974,1.00,1.00
2015.06.30 22:09:09.888,8.28893,8.2974,1.00,1.00
2015.06.30 22:09:11.961,8.28883,8.2974,1.50,1.00
2015.06.30 22:09:12.400,8.28893,8.2974,1.00,1.00
2015.06.30 22:09:12.622,8.28884,8.2974,1.00,1.00
2015.06.30 22:09:13.280,8.28893,8.2974,1.00,1.00
2015.06.30 22:09:13.948,8.28883,8.2974,1.00,1.00
2015.06.30 22:09:13.999,8.28893,8.2974,1.00,1.00
2015.06.30 22:09:14.304,8.28903,8.2974,1.00,1.00
2015.06.30 22:09:15.056,8.28883,8.29734,1.75,1.00
2015.06.30 22:09:15.376,8.29229,8.29584,1.00,1.00
2015.06.30 22:09:15.478,8.29288,8.29645,1.00,1.00
2015.06.30 22:09:15.579,8.29136,8.29827,1.50,1.00
2015.06.30 22:09:15.630,8.29134,8.29827,1.00,1.00
2015.06.30 22:09:15.731,8.29015,8.29827,1.50,1.00
2015.06.30 22:09:15.782,8.292,8.29827,1.00,1.00
2015.06.30 22:09:15.945,8.29131,8.29826,1.00,1.00
2015.06.30 22:09:16.362,8.29131,8.29817,1.00,1.00
2015.06.30 22:09:16.793,8.29131,8.29857,1.00,1.00
2015.06.30 22:09:16.894,8.29131,8.29867,1.00,1.00
2015.06.30 22:09:16.995,8.29131,8.29887,1.00,1.00
2015.06.30 22:09:17.267,8.29131,8.29895,1.00,1.00
2015.06.30 22:09:18.770,8.29131,8.29857,1.00,1.00
2015.06.30 22:09:18.871,8.29131,8.29867,1.00,1.00
2015.06.30 22:09:19.272,8.29131,8.29877,1.00,1.00
2015.06.30 22:09:25.305,8.29131,8.29895,1.00,1.00
2015.06.30 22:09:26.994,8.29131,8.29887,1.00,1.00
2015.06.30 22:09:27.470,8.29131,8.29877,1.00,1.00
2015.06.30 22:09:28.497,8.29131,8.29867,1.00,1.00
2015.06.30 22:09:28.798,8.29131,8.29877,1.00,1.00
2015.06.30 22:09:29.400,8.29131,8.29866,1.00,1.00
2015.06.30 22:09:29.719,8.29131,8.29877,1.00,1.00
2015.06.30 22:09:31.106,8.29131,8.29867,1.00,1.00
2015.06.30 22:09:33.313,8.29131,8.29877,1.00,1.00
2015.06.30 22:09:33.518,8.29131,8.29867,1.00,1.00
2015.06.30 22:09:33.641,8.29131,8.29877,1.00,1.00
2015.06.30 22:09:36.321,8.29131,8.29867,1.00,1.00
2015.06.30 22:09:41.349,8.29131,8.29857,1.00,1.00
2015.06.30 22:09:41.850,8.29131,8.29867,1.00,1.00
2015.06.30 22:09:51.899,8.29131,8.29857,1.00,1.00
2015.06.30 22:09:52.311,8.29131,8.29867,1.00,1.00
2015.06.30 22:09:52.987,8.29131,8.29857,1.00,1.00
2015.06.30 22:09:53.929,8.29131,8.29867,1.00,1.00
2015.06.30 22:09:54.392,8.29131,8.29857,1.00,1.00
2015.06.30 22:09:56.409,8.29131,8.29867,1.00,1.00
2015.06.30 22:09:56.697,8.29131,8.29857,1.00,1.00
2015.06.30 22:09:57.399,8.29131,8.29867,1.00,1.00
2015.06.30 22:09:57.699,8.29131,8.29857,1.00,1.00
2015.06.30 22:10:03.836,8.29131,8.29837,1.00,1.00
2015.06.30 22:10:03.938,8.29131,8.29847,1.00,1.00
2015.06.30 22:10:05.269,8.29131,8.29857,1.00,1.00
2015.06.30 22:10:05.431,8.29131,8.29847,1.00,1.00
2015.06.30 22:10:07.737,8.29131,8.29857,1.00,1.00
2015.06.30 22:10:07.850,8.29131,8.29847,1.00,1.00
2015.06.30 22:10:08.038,8.29131,8.29857,1.00,1.00
2015.06.30 22:10:15.897,8.28949,8.29857,1.00,1.00
2015.06.30 22:10:17.386,8.28949,8.29847,1.00,1.00
2015.06.30 22:10:17.681,8.28949,8.29857,1.00,1.00
2015.06.30 22:10:18.171,8.28949,8.29847,1.00,1.00
2015.06.30 22:10:18.312,8.2895,8.29856,1.00,1.00
2015.06.30 22:10:18.866,8.28949,8.29857,1.00,1.00
2015.06.30 22:10:20.525,8.28949,8.29847,1.00,1.00
2015.06.30 22:10:21.227,8.28949,8.29857,1.00,1.00
2015.06.30 22:10:21.913,8.28949,8.29847,1.00,1.00
2015.06.30 22:10:37.629,8.28949,8.29857,1.00,1.00
2015.06.30 22:10:40.838,8.28949,8.29847,1.00,1.00
2015.06.30 22:10:45.263,8.28949,8.29857,1.00,1.00
2015.06.30 22:10:47.303,8.28949,8.29847,1.00,1.00
2015.06.30 22:10:49.284,8.28949,8.29857,1.00,1.00
2015.06.30 22:10:50.325,8.28949,8.29927,1.00,1.00
2015.06.30 22:10:52.295,8.28953,8.29927,1.00,1.00
2015.06.30 22:10:53.299,8.28963,8.29927,1.00,1.00
2015.06.30 22:10:54.501,8.28953,8.29907,1.00,1.00
2015.06.30 22:10:54.802,8.28949,8.29897,1.00,1.00
2015.06.30 22:10:55.174,8.28953,8.29897,1.00,1.00
2015.06.30 22:10:59.818,8.28949,8.29877,1.00,1.00
2015.06.30 22:11:00.167,8.28949,8.29867,1.00,1.00
2015.06.30 22:11:00.476,8.28949,8.29857,1.00,1.00
2015.06.30 22:11:00.821,8.28949,8.29847,1.00,1.00
2015.06.30 22:11:06.334,8.28949,8.29857,1.00,1.00
2015.06.30 22:11:06.634,8.28949,8.29867,1.00,1.00
2015.06.30 22:11:13.883,8.28949,8.29877,1.00,1.00
2015.06.30 22:11:23.875,8.28949,8.29867,1.00,1.00
2015.06.30 22:11:28.607,8.2895,8.29896,1.00,1.00
2015.06.30 22:11:28.797,8.28949,8.29907,1.00,1.00
2015.06.30 22:11:28.916,8.28949,8.29917,1.00,1.00
2015.06.30 22:11:29.140,8.28949,8.29907,1.00,1.00
2015.06.30 22:11:30.136,8.2895,8.29896,1.00,1.00
2015.06.30 22:11:33.229,8.28949,8.29887,1.00,1.00
2015.06.30 22:11:33.912,8.2895,8.29896,1.00,1.00
2015.06.30 22:11:43.094,8.28954,8.29896,1.00,1.00
2015.06.30 22:11:45.668,8.28949,8.29897,1.00,1.00
2015.06.30 22:11:50.179,8.28953,8.29897,1.00,1.00
2015.06.30 22:11:50.302,8.28949,8.29897,1.00,1.00
2015.06.30 22:11:50.613,8.28953,8.29957,1.00,1.00
2015.06.30 22:11:50.784,8.28954,8.29946,1.00,1.00
2015.06.30 22:11:50.885,8.28953,8.29957,1.00,1.00
2015.06.30 22:11:51.390,8.28953,8.29947,1.00,1.00
2015.06.30 22:11:52.393,8.28963,8.29947,1.00,1.00
2015.06.30 22:11:52.995,8.28954,8.29946,1.00,1.00
2015.06.30 22:11:53.933,8.28963,8.29947,1.00,1.00
2015.06.30 22:11:59.545,8.28973,8.29957,1.00,1.00
2015.06.30 22:12:00.419,8.28973,8.29967,1.00,1.00
2015.06.30 22:12:00.620,8.28963,8.29957,1.00,1.00
2015.06.30 22:12:02.023,8.28973,8.29957,1.00,1.00
2015.06.30 22:12:02.124,8.28973,8.29967,1.00,1.00
2015.06.30 22:12:02.242,8.28973,8.29957,1.00,1.00
2015.06.30 22:12:02.343,8.28963,8.29957,1.00,1.00
2015.06.30 22:12:02.671,8.28963,8.29937,1.00,1.00
2015.06.30 22:12:03.008,8.28954,8.29926,1.00,1.00
2015.06.30 22:12:03.059,8.28949,8.29927,1.00,1.00
2015.06.30 22:12:05.266,8.28949,8.29927,1.00,1.60
2015.06.30 22:12:05.569,8.29033,8.29566,1.00,1.75
2015.06.30 22:12:05.845,8.28993,8.29566,1.00,1.75
2015.06.30 22:12:05.896,8.28993,8.29566,1.00,1.75
2015.06.30 22:12:06.360,8.28993,8.2943,1.00,1.00
2015.06.30 22:12:08.975,8.28993,8.2943,1.00,1.75
2015.06.30 22:12:09.303,8.28993,8.2943,1.00,1.00
2015.06.30 22:12:10.750,8.28993,8.29417,1.00,1.00
2015.06.30 22:12:10.801,8.28963,8.29417,1.37,1.00
2015.06.30 22:12:10.852,8.28963,8.29387,1.37,1.00
2015.06.30 22:12:10.902,8.28963,8.29387,1.00,1.00
2015.06.30 22:12:11.508,8.28963,8.29387,1.37,1.00
2015.06.30 22:12:11.708,8.28963,8.29387,1.00,1.00
2015.06.30 22:12:11.854,8.28963,8.29376,1.00,1.00
2015.06.30 22:12:12.359,8.28963,8.29376,1.00,1.50
2015.06.30 22:12:12.410,8.28963,8.29376,1.00,1.00
2015.06.30 22:12:13.581,8.28963,8.29377,1.00,1.00
2015.06.30 22:12:13.861,8.28963,8.29367,1.00,1.00
2015.06.30 22:12:15.487,8.28963,8.29377,1.00,1.00
2015.06.30 22:12:15.538,8.28973,8.29377,1.00,1.37
2015.06.30 22:12:15.591,8.28973,8.29377,1.00,1.00
2015.06.30 22:12:18.618,8.28973,8.29387,1.00,1.00
2015.06.30 22:12:18.924,8.28973,8.29387,1.00,1.75
2015.06.30 22:12:19.540,8.28973,8.29387,1.00,1.00
2015.06.30 22:12:19.597,8.28973,8.29387,1.00,1.75
2015.06.30 22:12:19.827,8.28963,8.29387,1.00,1.75
2015.06.30 22:12:20.554,8.28973,8.29387,1.00,1.75
2015.06.30 22:12:20.881,8.28964,8.29386,1.00,1.75
2015.06.30 22:12:21.328,8.28973,8.29377,1.00,1.00
2015.06.30 22:12:21.429,8.28973,8.29387,1.00,1.75
2015.06.30 22:12:21.632,8.28973,8.29427,1.00,1.75
2015.06.30 22:12:21.683,8.28988,8.29345,1.00,1.00
2015.06.30 22:12:21.987,8.29022,8.29379,1.00,1.00
2015.06.30 22:12:37.588,8.29052,8.29406,1.00,1.75
2015.06.30 22:12:44.176,8.29052,8.29406,1.00,1.75
2015.06.30 22:12:44.577,8.29052,8.29406,1.00,1.75
2015.06.30 22:12:53.953,8.29052,8.29406,1.00,1.50
2015.06.30 22:12:54.007,8.29052,8.29406,1.00,1.75
2015.06.30 22:12:54.612,8.29052,8.29406,1.00,1.37
2015.06.30 22:12:54.919,8.29052,8.29406,1.00,1.75
2015.06.30 22:12:57.019,8.29052,8.29406,1.00,1.37
2015.06.30 22:12:58.790,8.29071,8.29427,1.00,1.75
2015.06.30 22:12:59.491,8.29071,8.29427,1.00,1.75
2015.06.30 22:13:00.266,8.29071,8.29427,1.00,1.75
2015.06.30 22:13:13.965,8.29071,8.29428,1.00,1.75
2015.06.30 22:13:14.746,8.29071,8.29428,1.00,1.37
2015.06.30 22:13:14.875,8.29094,8.29447,1.00,1.75
2015.06.30 22:13:15.376,8.29094,8.29447,1.00,1.75
2015.06.30 22:13:16.257,8.29094,8.29449,1.00,1.00
2015.06.30 22:13:16.587,8.29112,8.29467,1.00,1.00
2015.06.30 22:13:16.890,8.2913,8.29477,1.00,1.00
2015.06.30 22:13:17.264,8.29149,8.29477,1.00,1.00
2015.06.30 22:13:17.463,8.29149,8.29487,1.00,1.00
2015.06.30 22:13:17.625,8.29167,8.29487,1.00,1.00
2015.06.30 22:13:17.965,8.29167,8.29507,1.00,1.75
2015.06.30 22:13:19.068,8.29167,8.29507,1.00,1.75
2015.06.30 22:13:19.470,8.29167,8.29507,1.00,1.75
2015.06.30 22:13:19.571,8.29167,8.29507,1.00,1.75
2015.06.30 22:13:24.668,8.29143,8.295,1.00,1.75
2015.06.30 22:13:24.719,8.29143,8.295,1.00,1.75
2015.06.30 22:13:27.366,8.2909,8.29447,1.00,1.75
2015.06.30 22:13:27.467,8.29067,8.29423,1.00,1.00
2015.06.30 22:13:39.583,8.29088,8.29444,1.00,1.00
2015.06.30 22:13:41.545,8.29108,8.29464,1.00,1.00
2015.06.30 22:13:41.848,8.29127,8.29476,1.00,1.00
2015.06.30 22:13:41.950,8.29107,8.29464,1.00,1.00
2015.06.30 22:14:03.829,8.29132,8.29487,1.00,1.00
2015.06.30 22:14:04.082,8.2911,8.29467,1.00,1.00
2015.06.30 22:14:05.236,8.29114,8.29467,1.00,1.00
2015.06.30 22:14:05.558,8.29123,8.29467,1.00,1.00
2015.06.30 22:14:05.867,8.29113,8.29467,1.00,1.00
2015.06.30 22:14:09.170,8.29124,8.29467,1.00,1.00
2015.06.30 22:14:09.616,8.29134,8.29467,1.00,1.00
2015.06.30 22:14:09.986,8.29133,8.29487,1.00,1.00
2015.06.30 22:14:13.774,8.29149,8.29506,1.00,1.00
2015.06.30 22:14:13.825,8.29131,8.29488,1.00,1.00
2015.06.30 22:14:21.011,8.29158,8.29515,1.00,1.00
2015.06.30 22:14:27.231,8.29183,8.29515,1.00,1.00
2015.06.30 22:14:27.333,8.29202,8.29558,1.00,1.00
2015.06.30 22:14:27.434,8.29236,8.29593,1.00,1.00
2015.06.30 22:14:27.485,8.29276,8.29633,1.00,1.00
2015.06.30 22:14:27.835,8.29316,8.29673,1.00,1.00
2015.06.30 22:14:28.193,8.29336,8.29677,1.00,1.00
2015.06.30 22:14:29.675,8.29336,8.29677,1.00,1.50
2015.06.30 22:14:31.057,8.29336,8.29677,1.00,1.75
2015.06.30 22:14:31.362,8.29336,8.29677,1.00,1.75
2015.06.30 22:14:31.413,8.29336,8.29677,1.00,1.75
2015.06.30 22:14:31.466,8.29336,8.29677,1.00,1.75
2015.06.30 22:14:33.516,8.29336,8.29667,1.00,1.75
2015.06.30 22:14:40.811,8.29336,8.29657,1.00,1.75
2015.06.30 22:14:42.533,8.29336,8.29667,1.00,1.75
2015.06.30 22:14:44.600,8.29336,8.29667,1.00,1.75
2015.06.30 22:14:48.844,8.29336,8.29667,1.00,1.75
2015.06.30 22:14:49.064,8.29336,8.29667,1.00,1.75
2015.06.30 22:14:49.190,8.29336,8.29687,1.00,1.75
2015.06.30 22:14:49.241,8.29283,8.2964,1.00,1.75
2015.06.30 22:14:49.292,8.29283,8.2964,1.00,1.75
2015.06.30 22:14:50.297,8.29283,8.2964,1.00,1.75
2015.06.30 22:14:50.348,8.29305,8.29657,1.00,1.75
2015.06.30 22:14:50.450,8.29282,8.29639,1.00,1.75
2015.06.30 22:14:50.500,8.29254,8.2961,1.00,1.75
2015.06.30 22:14:50.551,8.29254,8.2961,1.00,1.00
2015.06.30 22:14:50.603,8.29273,8.29629,1.00,1.00
2015.06.30 22:14:50.997,8.29296,8.29653,1.00,1.75
2015.06.30 22:14:51.753,8.29296,8.29653,1.00,1.00
2015.06.30 22:14:51.855,8.29296,8.29653,1.00,1.75
2015.06.30 22:14:56.386,8.29296,8.29653,1.00,1.75
2015.06.30 22:14:56.614,8.29296,8.29653,1.00,1.75
2015.06.30 22:14:58.789,8.29296,8.29653,1.00,1.75
2015.06.30 22:14:58.901,8.29296,8.29653,1.00,1.75
2015.06.30 22:15:14.417,8.29296,8.29653,1.00,1.75
2015.06.30 22:15:15.077,8.29277,8.29634,1.00,1.75
2015.06.30 22:15:15.128,8.29277,8.29634,1.00,1.75
2015.06.30 22:15:16.558,8.29277,8.29634,1.00,1.75
2015.06.30 22:15:17.473,8.29259,8.29615,1.00,1.75
2015.06.30 22:15:19.471,8.29201,8.29558,1.00,1.75
2015.06.30 22:15:19.713,8.29179,8.29534,1.00,1.37
2015.06.30 22:15:20.027,8.29179,8.29534,1.00,1.75
2015.06.30 22:15:22.247,8.29179,8.29497,1.00,1.00
2015.06.30 22:15:22.449,8.29153,8.29497,1.00,1.75
2015.06.30 22:15:22.732,8.29153,8.29487,1.00,1.75
2015.06.30 22:15:23.504,8.29092,8.29449,1.00,1.00
2015.06.30 22:15:23.555,8.29043,8.29398,1.00,1.75
2015.06.30 22:15:23.707,8.29004,8.29361,1.00,1.75
2015.06.30 22:15:23.758,8.29004,8.29361,1.00,1.75
2015.06.30 22:15:23.809,8.29024,8.29381,1.00,1.75
2015.06.30 22:15:23.961,8.29024,8.29381,1.00,1.75
2015.06.30 22:15:24.030,8.29043,8.29399,1.00,1.75
2015.06.30 22:15:24.081,8.29043,8.29399,1.00,1.75
2015.06.30 22:15:24.439,8.29043,8.29399,1.00,1.00
2015.06.30 22:15:24.489,8.29062,8.29419,1.00,1.75
2015.06.30 22:15:26.546,8.29062,8.29407,1.00,1.00
2015.06.30 22:15:35.394,8.29062,8.29397,1.00,1.00
2015.06.30 22:15:35.719,8.29083,8.29376,1.00,1.00
2015.06.30 22:15:35.769,8.29083,8.29387,1.00,1.00
2015.06.30 22:15:46.905,8.29083,8.29387,1.00,1.75
2015.06.30 22:15:54.535,8.29083,8.29377,1.00,1.00
2015.06.30 22:15:54.968,8.29083,8.29377,1.00,1.75
2015.06.30 22:15:57.433,8.29083,8.29377,1.00,1.75
2015.06.30 22:15:58.121,8.29083,8.29356,1.00,1.00
2015.06.30 22:16:00.649,8.29083,8.29356,1.00,1.50
2015.06.30 22:16:08.947,8.29083,8.29327,1.00,1.00
2015.06.30 22:16:09.049,8.29008,8.29327,1.00,1.00
2015.06.30 22:16:09.150,8.29008,8.29337,1.00,1.00
2015.06.30 22:16:13.974,8.29008,8.29317,1.00,1.00
2015.06.30 22:16:14.025,8.28983,8.29317,1.00,1.00
2015.06.30 22:16:14.126,8.28983,8.29327,1.00,1.75
2015.06.30 22:16:14.177,8.28983,8.29317,1.00,1.00
2015.06.30 22:16:14.514,8.2896,8.29267,1.00,1.00
2015.06.30 22:16:14.565,8.2896,8.29317,1.00,1.50
2015.06.30 22:16:15.809,8.28987,8.29327,1.00,1.00
2015.06.30 22:16:16.616,8.28987,8.29307,1.00,1.00
2015.06.30 22:16:22.698,8.28987,8.29297,1.00,1.00
2015.06.30 22:16:22.799,8.28958,8.29297,1.00,1.00
2015.06.30 22:16:23.631,8.28958,8.29287,1.00,1.00
2015.06.30 22:16:24.096,8.28958,8.29277,1.00,1.00
2015.06.30 22:16:26.956,8.28941,8.29277,1.00,1.00
2015.06.30 22:16:27.006,8.28941,8.29267,1.00,1.00
2015.06.30 22:16:27.115,8.28933,8.29267,1.00,1.00
2015.06.30 22:16:27.942,8.28933,8.29268,1.00,1.00
2015.06.30 22:16:29.207,8.28933,8.29267,1.00,1.00
2015.06.30 22:16:42.041,8.28933,8.29268,1.00,1.00
2015.06.30 22:16:42.857,8.28933,8.29267,1.00,1.00
2015.06.30 22:16:45.749,8.28933,8.29266,1.00,1.00
2015.06.30 22:16:46.654,8.28914,8.29266,1.50,1.00
2015.06.30 22:16:46.807,8.28933,8.29267,1.00,1.00
2015.06.30 22:16:47.477,8.28933,8.29268,1.00,1.00
2015.06.30 22:17:27.142,8.28933,8.29287,1.00,1.00
2015.06.30 22:18:07.337,8.28933,8.29337,1.00,1.75
2015.06.30 22:18:09.641,8.28933,8.29287,1.00,1.00
2015.06.30 22:18:10.944,8.28933,8.29317,1.00,1.00
2015.06.30 22:18:11.947,8.28933,8.29316,1.00,1.00
2015.06.30 22:18:32.986,8.28933,8.29327,1.00,1.00
2015.06.30 22:18:36.222,8.28933,8.29327,1.00,1.50
2015.06.30 22:18:46.003,8.28944,8.29327,1.00,1.50
2015.06.30 22:18:48.065,8.28953,8.29337,1.00,1.75
2015.06.30 22:18:58.144,8.28953,8.29317,1.00,1.00
2015.06.30 22:19:15.092,8.28953,8.29307,1.00,1.00
2015.06.30 22:19:16.094,8.28953,8.29317,1.00,1.00
2015.06.30 22:19:26.119,8.28953,8.29316,1.00,1.00
2015.06.30 22:19:26.531,8.28953,8.29307,1.00,1.00
2015.06.30 22:19:26.670,8.28943,8.29307,1.00,1.00
2015.06.30 22:19:36.334,8.28953,8.29307,1.00,1.00
2015.06.30 22:19:36.385,8.28953,8.29347,1.00,1.75
2015.06.30 22:19:38.039,8.28933,8.29346,1.00,1.75
2015.06.30 22:19:38.090,8.28933,8.29327,1.00,1.75
2015.06.30 22:19:38.446,8.28933,8.29241,1.00,1.00
2015.06.30 22:19:38.747,8.28933,8.29241,1.00,1.75
2015.06.30 22:19:39.032,8.28923,8.29241,1.00,1.75
2015.06.30 22:19:40.721,8.28914,8.29241,1.00,1.75
2015.06.30 22:19:42.772,8.28923,8.29241,1.00,1.75
2015.06.30 22:19:43.404,8.28923,8.29241,1.00,1.00
2015.06.30 22:19:43.521,8.28933,8.29241,1.00,1.00
2015.06.30 22:19:47.611,8.28923,8.29241,1.00,1.00
2015.06.30 22:19:49.149,8.28943,8.29241,1.00,1.00
2015.06.30 22:19:52.700,8.28933,8.29241,1.00,1.00
2015.06.30 22:19:53.035,8.28943,8.29241,1.00,1.00
2015.06.30 22:19:53.599,8.28963,8.29241,1.00,1.00
2015.06.30 22:19:54.139,8.28943,8.29241,1.00,1.00
2015.06.30 22:19:54.477,8.28953,8.29241,1.00,1.00
2015.06.30 22:20:00.046,8.28963,8.29241,1.00,1.00
2015.06.30 22:20:00.096,8.28963,8.29278,1.00,1.00
2015.06.30 22:20:00.198,8.28963,8.29299,1.00,1.00
2015.06.30 22:20:00.529,8.28983,8.29299,1.00,1.00
2015.06.30 22:20:00.580,8.28983,8.29318,1.00,1.00
2015.06.30 22:20:00.731,8.28974,8.29318,1.00,1.00
2015.06.30 22:20:01.589,8.28963,8.29318,1.50,1.00
2015.06.30 22:20:06.312,8.28973,8.29318,1.00,1.00
2015.06.30 22:20:16.433,8.28963,8.29318,1.50,1.00
2015.06.30 22:20:16.651,8.28973,8.29318,1.00,1.00
2015.06.30 22:20:19.950,8.28963,8.29318,1.50,1.00
2015.06.30 22:20:21.031,8.29013,8.29318,1.00,1.00
2015.06.30 22:20:22.189,8.29023,8.29318,1.00,1.00
2015.06.30 22:20:27.683,8.29043,8.29318,1.00,1.00
2015.06.30 22:20:32.413,8.29033,8.29318,1.00,1.00
2015.06.30 22:20:32.822,8.29043,8.29318,1.00,1.00
2015.06.30 22:20:33.041,8.29033,8.29318,1.00,1.00
2015.06.30 22:20:33.267,8.29043,8.29318,1.00,1.00
2015.06.30 22:20:39.641,8.29033,8.29318,1.00,1.00
2015.06.30 22:20:49.780,8.29053,8.29318,1.00,1.00
2015.06.30 22:20:51.852,8.29044,8.29318,1.00,1.00
2015.06.30 22:21:00.568,8.29044,8.29336,1.00,1.00
2015.06.30 22:21:16.732,8.29053,8.29336,1.00,1.00
2015.06.30 22:21:43.420,8.29054,8.29336,1.00,1.00
2015.06.30 22:22:00.838,8.29054,8.29447,1.00,1.75
2015.06.30 22:22:12.805,8.29033,8.29437,1.00,1.37
2015.06.30 22:22:22.882,8.29033,8.29407,1.00,1.00
2015.06.30 22:22:26.554,8.29033,8.29427,1.00,1.00
2015.06.30 22:22:27.281,8.29033,8.29426,1.00,1.00
2015.06.30 22:22:28.848,8.29023,8.29426,1.00,1.00
2015.06.30 22:22:29.561,8.29023,8.29437,1.00,1.00
2015.06.30 22:22:29.662,8.29013,8.29437,1.00,1.00
2015.06.30 22:22:29.871,8.29024,8.29437,1.00,1.00
2015.06.30 22:22:30.065,8.29024,8.29447,1.00,1.00
2015.06.30 22:22:32.801,8.29024,8.29437,1.00,1.00
2015.06.30 22:22:32.852,8.28963,8.29437,1.75,1.00
2015.06.30 22:22:33.272,8.28963,8.29437,1.00,1.00
2015.06.30 22:22:52.282,8.28993,8.29437,1.00,1.00
2015.06.30 22:22:52.698,8.28993,8.29427,1.00,1.00
2015.06.30 22:22:53.028,8.28993,8.29417,1.00,1.00
2015.06.30 22:22:53.739,8.28993,8.29427,1.00,1.00
2015.06.30 22:22:53.827,8.28993,8.29417,1.00,1.00
2015.06.30 22:22:57.839,8.28993,8.29407,1.00,1.00
2015.06.30 22:23:01.848,8.28993,8.29417,1.00,1.00
2015.06.30 22:23:03.829,8.29023,8.29417,1.00,1.00
2015.06.30 22:23:04.164,8.28993,8.29377,1.00,1.00
2015.06.30 22:23:09.877,8.28993,8.29397,1.00,1.00
2015.06.30 22:23:09.928,8.29007,8.29364,1.00,1.00
2015.06.30 22:23:28.271,8.29033,8.29364,1.00,1.00
2015.06.30 22:23:28.577,8.29043,8.29364,1.00,1.00
2015.06.30 22:23:29.616,8.29033,8.29364,1.00,1.00
2015.06.30 22:23:29.667,8.29033,8.29569,1.00,2.25
2015.06.30 22:23:29.768,8.2906,8.29563,1.00,1.75
2015.06.30 22:23:30.429,8.2906,8.29563,1.00,1.75
2015.06.30 22:23:30.531,8.29092,8.29536,1.00,1.00
2015.06.30 22:23:30.748,8.29065,8.29561,1.00,1.75
2015.06.30 22:23:44.475,8.29065,8.29561,1.00,1.75
2015.06.30 22:23:45.168,8.29065,8.29561,1.00,1.75
2015.06.30 22:23:49.005,8.29033,8.29601,1.00,1.75
2015.06.30 22:23:49.297,8.29033,8.29601,1.00,1.75
2015.06.30 22:23:53.061,8.29026,8.29601,1.00,1.75
2015.06.30 22:23:54.063,8.29033,8.29601,1.00,1.75
2015.06.30 22:23:59.507,8.29062,8.29581,1.00,1.75
2015.06.30 22:23:59.849,8.29159,8.29522,1.00,1.75
2015.06.30 22:24:01.903,8.29159,8.29522,1.00,1.75
2015.06.30 22:24:03.116,8.29159,8.29522,1.00,1.75
2015.06.30 22:24:03.617,8.29159,8.29522,1.00,1.00
2015.06.30 22:24:08.393,8.29159,8.29522,1.00,1.75
2015.06.30 22:24:08.761,8.29159,8.29522,1.00,1.75
2015.06.30 22:24:09.159,8.29159,8.29522,1.00,1.75
2015.06.30 22:24:09.430,8.29159,8.29522,1.00,1.75
2015.06.30 22:24:09.730,8.29159,8.29522,1.00,1.00
2015.06.30 22:24:12.164,8.29159,8.29522,1.00,1.75
2015.06.30 22:24:12.585,8.29159,8.29522,1.00,1.75
2015.06.30 22:24:12.739,8.29159,8.29522,1.00,1.75
2015.06.30 22:24:12.841,8.29159,8.29522,1.00,1.75
2015.06.30 22:24:13.173,8.29159,8.29522,1.00,1.75
2015.06.30 22:24:13.487,8.29159,8.29522,1.00,1.00
2015.06.30 22:24:25.710,8.29159,8.29522,1.00,1.75
2015.06.30 22:24:26.269,8.29159,8.29522,1.00,1.75
2015.06.30 22:24:26.571,8.29159,8.29522,1.00,1.75
2015.06.30 22:24:29.716,8.29159,8.29522,1.00,1.00
2015.06.30 22:24:29.993,8.29159,8.29522,1.00,1.75
2015.06.30 22:24:30.380,8.29159,8.29522,1.00,1.75
2015.06.30 22:24:34.119,8.29159,8.29522,1.00,1.75
2015.06.30 22:24:34.321,8.29159,8.29522,1.00,1.75
2015.06.30 22:24:34.433,8.29159,8.29522,1.00,1.00
2015.06.30 22:24:34.933,8.29135,8.29546,1.00,1.00
2015.06.30 22:24:35.234,8.29087,8.2957,1.00,1.00
2015.06.30 22:24:39.549,8.29147,8.29533,1.00,1.00
2015.06.30 22:24:43.058,8.29147,8.29533,1.00,1.75
2015.06.30 22:24:44.174,8.29147,8.29533,1.00,1.00
2015.06.30 22:24:47.334,8.29121,8.2956,1.00,1.00
2015.06.30 22:24:47.474,8.29143,8.29538,1.00,1.00
2015.06.30 22:24:49.900,8.29083,8.29598,1.00,1.00
2015.06.30 22:24:50.001,8.29113,8.29568,1.00,1.00
2015.06.30 22:24:50.153,8.2908,8.29601,1.00,1.00
2015.06.30 22:24:50.408,8.29054,8.29627,1.00,1.00
2015.06.30 22:24:51.046,8.29026,8.29656,1.00,1.00
2015.06.30 22:24:51.097,8.29056,8.29625,1.00,1.00
2015.06.30 22:24:51.463,8.29087,8.29595,1.00,1.00
2015.06.30 22:24:52.490,8.29087,8.29595,1.00,1.37
2015.06.30 22:24:52.600,8.29087,8.29595,1.00,1.37
2015.06.30 22:24:52.651,8.29136,8.29581,1.00,1.00
2015.06.30 22:24:54.433,8.29125,8.29557,1.00,1.00
2015.06.30 22:24:58.317,8.29125,8.29557,1.00,1.75
2015.06.30 22:24:58.752,8.29163,8.2952,1.00,1.00
2015.06.30 22:25:01.628,8.29163,8.2952,1.00,1.37
2015.06.30 22:25:05.246,8.29163,8.2952,1.00,1.00
2015.06.30 22:25:30.663,8.29097,8.29586,1.00,1.00
2015.06.30 22:25:30.714,8.29033,8.29624,1.00,1.00
2015.06.30 22:25:30.765,8.29043,8.29624,1.00,1.00
2015.06.30 22:25:31.066,8.29069,8.29619,1.00,1.00
2015.06.30 22:25:47.125,8.29109,8.29628,1.00,1.00
2015.06.30 22:25:47.457,8.29146,8.29607,1.00,1.00
2015.06.30 22:25:54.742,8.29165,8.29582,1.00,1.00
2015.06.30 22:26:00.901,8.29114,8.29609,1.00,1.00
2015.06.30 22:26:00.952,8.29072,8.29652,1.00,1.00
2015.06.30 22:26:02.448,8.29073,8.29652,1.00,1.00
2015.06.30 22:26:03.545,8.29072,8.29652,1.00,1.00
2015.06.30 22:26:06.921,8.29103,8.29684,1.00,1.00
2015.06.30 22:26:07.591,8.29094,8.29728,1.00,1.00
2015.06.30 22:26:08.232,8.29093,8.29728,1.00,1.00
2015.06.30 22:26:09.661,8.29083,8.29728,1.12,1.00
2015.06.30 22:26:09.841,8.29093,8.29728,1.00,1.00
2015.06.30 22:26:10.421,8.29096,8.297,1.00,1.00
2015.06.30 22:26:16.149,8.29093,8.29757,1.00,1.00
2015.06.30 22:26:16.456,8.29103,8.29757,1.00,1.00
2015.06.30 22:26:17.157,8.29113,8.29757,1.00,1.00
2015.06.30 22:26:20.165,8.29123,8.29757,1.00,1.00
2015.06.30 22:26:22.069,8.29133,8.29757,1.00,1.00
2015.06.30 22:26:25.414,8.29084,8.29757,1.00,1.00
2015.06.30 22:26:35.558,8.29092,8.29704,1.00,1.00
2015.06.30 22:26:36.603,8.29142,8.29684,1.00,1.00
2015.06.30 22:26:46.964,8.29093,8.29715,1.00,1.00
2015.06.30 22:26:47.540,8.29103,8.29715,1.00,1.00
2015.06.30 22:26:49.544,8.29114,8.29715,1.00,1.00
2015.06.30 22:26:49.945,8.29123,8.29715,1.00,1.00
2015.06.30 22:26:52.556,8.29123,8.29731,1.00,1.00
2015.06.30 22:26:52.607,8.29123,8.29724,1.00,1.00
2015.06.30 22:26:52.956,8.29133,8.29743,1.00,1.00
2015.06.30 22:26:53.423,8.29173,8.29736,1.00,1.00
2015.06.30 22:26:56.547,8.29186,8.29771,1.00,1.00
2015.06.30 22:27:03.177,8.29193,8.29771,1.00,1.00
2015.06.30 22:27:13.604,8.29203,8.29771,1.00,1.00
2015.06.30 22:27:15.710,8.29213,8.29771,1.00,1.00
2015.06.30 22:27:15.834,8.29203,8.29771,1.00,1.00
2015.06.30 22:27:16.311,8.29193,8.29771,1.00,1.00
2015.06.30 22:27:25.732,8.29203,8.29771,1.00,1.00
2015.06.30 22:27:28.673,8.29193,8.29771,1.75,1.00
2015.06.30 22:27:33.322,8.29242,8.29773,1.00,1.00
2015.06.30 22:27:40.964,8.29243,8.29773,1.00,1.00
2015.06.30 22:27:42.015,8.29253,8.29773,1.00,1.00
2015.06.30 22:27:42.870,8.29273,8.29773,1.00,1.00
2015.06.30 22:27:42.921,8.29273,8.29802,1.00,1.00
2015.06.30 22:27:43.272,8.29263,8.29802,1.00,1.00
2015.06.30 22:27:44.274,8.29253,8.29802,1.00,1.00
2015.06.30 22:27:45.004,8.29243,8.29802,1.00,1.00
2015.06.30 22:27:46.278,8.29213,8.29802,2.25,1.00
2015.06.30 22:27:49.786,8.29223,8.29802,1.00,1.00
2015.06.30 22:27:52.936,8.29233,8.29802,1.00,1.00
2015.06.30 22:28:02.912,8.29243,8.29802,1.00,1.00
2015.06.30 22:28:03.914,8.29233,8.29802,1.00,1.00
2015.06.30 22:28:11.992,8.29249,8.29816,1.00,1.00
2015.06.30 22:29:09.057,8.29273,8.29816,1.00,1.00
2015.06.30 22:29:10.567,8.29281,8.29786,1.00,1.00
2015.06.30 22:29:17.890,8.29283,8.29786,1.00,1.00
2015.06.30 22:29:18.220,8.29281,8.29786,1.00,1.00
2015.06.30 22:29:21.520,8.29283,8.29786,1.00,1.00
2015.06.30 22:29:24.823,8.29281,8.29786,1.00,1.00
2015.06.30 22:29:54.563,8.2932,8.29775,1.00,1.00
2015.06.30 22:29:58.466,8.29366,8.29729,1.00,1.00
2015.06.30 22:30:03.039,8.29183,8.29913,1.00,1.00
2015.06.30 22:30:06.870,8.29239,8.29913,1.00,1.00
2015.06.30 22:30:08.915,8.2937,8.29726,1.00,1.00
2015.06.30 22:31:08.977,8.29183,8.29913,1.00,1.00
2015.06.30 22:31:54.980,8.29183,8.29913,1.00,1.75
2015.06.30 22:31:55.182,8.29183,8.29913,1.00,1.00
2015.06.30 22:32:03.992,8.29193,8.29913,1.00,1.00
2015.06.30 22:32:10.804,8.29183,8.29913,1.00,1.00
2015.06.30 22:32:17.920,8.29184,8.29912,1.50,1.00
2015.06.30 22:32:18.572,8.29183,8.29913,1.00,1.00
2015.06.30 22:32:21.733,8.29194,8.29912,1.00,1.00
2015.06.30 22:32:22.047,8.29203,8.29913,1.00,1.00
2015.06.30 22:32:22.382,8.29342,8.29753,1.00,1.00
2015.06.30 22:32:27.479,8.29319,8.29777,1.00,1.00
2015.06.30 22:32:39.990,8.29288,8.29807,1.00,1.00
2015.06.30 22:32:58.054,8.29391,8.29816,1.00,1.00
2015.06.30 22:32:58.357,8.29558,8.29913,1.00,1.00
2015.06.30 22:32:58.408,8.29595,8.29952,1.00,1.00
2015.06.30 22:32:58.528,8.29442,8.30182,1.50,1.50
2015.06.30 22:32:58.578,8.2953,8.30087,1.00,1.00
2015.06.30 22:32:58.739,8.29403,8.30227,1.00,1.00
2015.06.30 22:32:58.840,8.29269,8.30207,1.00,1.00
2015.06.30 22:32:58.907,8.29245,8.30207,1.00,1.00
2015.06.30 22:32:59.008,8.2924,8.30207,1.00,1.00
2015.06.30 22:32:59.060,8.29417,8.30207,1.00,1.00
2015.06.30 22:33:03.518,8.29417,8.30197,1.00,1.00
2015.06.30 22:33:05.322,8.29417,8.30227,1.00,1.00
2015.06.30 22:33:05.523,8.29417,8.30217,1.00,1.00
2015.06.30 22:33:06.844,8.29417,8.30246,1.00,1.00
2015.06.30 22:33:07.453,8.29417,8.30237,1.00,1.00
2015.06.30 22:33:08.252,8.29417,8.30247,1.00,1.00
2015.06.30 22:33:09.634,8.29417,8.30267,1.00,1.00
2015.06.30 22:33:09.807,8.29417,8.30256,1.00,1.00
2015.06.30 22:33:10.139,8.29417,8.30247,1.00,1.00
2015.06.30 22:33:11.338,8.29417,8.30237,1.00,1.00
2015.06.30 22:33:18.850,8.29417,8.30227,1.00,1.00
2015.06.30 22:33:20.152,8.29417,8.30217,1.00,1.00
2015.06.30 22:33:23.078,8.29417,8.30227,1.00,1.00
2015.06.30 22:33:23.860,8.29417,8.30217,1.00,1.00
2015.06.30 22:33:28.404,8.29417,8.30207,1.00,1.00
2015.06.30 22:33:28.872,8.29417,8.30217,1.00,1.00
2015.06.30 22:33:28.974,8.29417,8.30227,1.00,1.00
2015.06.30 22:33:32.330,8.29417,8.30217,1.00,1.00
2015.06.30 22:33:33.085,8.29417,8.30227,1.00,1.00
2015.06.30 22:33:35.997,8.29417,8.30207,1.00,1.00
2015.06.30 22:33:36.299,8.29417,8.30217,1.00,1.00
2015.06.30 22:33:36.610,8.29417,8.30206,1.00,1.00
2015.06.30 22:33:38.920,8.29417,8.30237,1.00,1.00
2015.06.30 22:33:41.931,8.29417,8.30277,1.00,1.00
2015.06.30 22:33:42.157,8.29417,8.30287,1.00,1.00
2015.06.30 22:33:54.769,8.29417,8.30277,1.00,1.00
2015.06.30 22:33:55.871,8.29417,8.30267,1.00,1.00
2015.06.30 22:33:56.319,8.29417,8.30277,1.00,1.00
2015.06.30 22:33:57.475,8.29417,8.30266,1.00,1.00
2015.06.30 22:33:58.477,8.29417,8.30257,1.00,1.00
2015.06.30 22:33:59.333,8.29263,8.30257,1.75,1.00
2015.06.30 22:34:00.617,8.29263,8.30277,1.75,1.00
2015.06.30 22:34:02.216,8.29263,8.30267,1.75,1.00
2015.06.30 22:34:02.723,8.29263,8.30277,1.75,1.00
2015.06.30 22:34:02.990,8.29263,8.30267,1.75,1.00
2015.06.30 22:34:04.594,8.29263,8.30257,1.75,1.00
2015.06.30 22:34:06.700,8.29254,8.30246,1.75,1.00
2015.06.30 22:34:06.801,8.29253,8.30257,1.75,1.00
2015.06.30 22:34:06.858,8.29253,8.30257,1.00,1.00
2015.06.30 22:34:06.938,8.29273,8.30257,1.00,1.00
2015.06.30 22:34:07.041,8.29273,8.30267,1.00,1.00
2015.06.30 22:34:07.092,8.29253,8.30267,1.00,1.00
2015.06.30 22:34:07.209,8.29253,8.30267,1.75,1.00
2015.06.30 22:34:07.561,8.29243,8.30267,1.00,1.00
2015.06.30 22:34:07.612,8.29243,8.30257,1.00,1.00
2015.06.30 22:34:07.930,8.2924,8.30247,1.75,1.00
2015.06.30 22:34:08.109,8.29253,8.30267,1.75,1.00
2015.06.30 22:34:08.209,8.29243,8.30257,1.75,1.00
2015.06.30 22:34:12.258,8.29243,8.30247,2.25,1.00
2015.06.30 22:34:12.362,8.29244,8.30256,1.75,1.00
2015.06.30 22:34:12.421,8.29254,8.30266,1.75,1.00
2015.06.30 22:34:12.522,8.29244,8.30256,1.75,1.00
2015.06.30 22:34:12.773,8.29243,8.30257,2.25,1.00
2015.06.30 22:34:13.023,8.29243,8.30247,1.75,1.00
2015.06.30 22:34:14.828,8.29253,8.30267,2.25,1.00
2015.06.30 22:34:18.964,8.29273,8.30277,1.75,1.00
2015.06.30 22:34:19.953,8.29273,8.30267,1.75,1.00
2015.06.30 22:34:23.388,8.29303,8.30287,1.00,1.00
2015.06.30 22:34:23.693,8.29333,8.30307,1.00,1.00
2015.06.30 22:34:24.038,8.29343,8.30307,1.00,1.00
2015.06.30 22:34:24.152,8.29333,8.30307,1.00,1.00
2015.06.30 22:34:24.572,8.29303,8.30307,1.00,1.00
2015.06.30 22:34:25.196,8.29323,8.30297,1.00,1.00
2015.06.30 22:34:26.157,8.29333,8.30297,1.00,1.00
2015.06.30 22:34:26.503,8.29324,8.30286,1.00,1.00
2015.06.30 22:34:26.900,8.29313,8.30277,1.75,1.00
2015.06.30 22:34:29.193,8.29323,8.30267,1.12,1.00
2015.06.30 22:34:30.565,8.29323,8.30277,1.12,1.00
2015.06.30 22:34:31.567,8.29323,8.30267,1.12,1.00
2015.06.30 22:34:32.970,8.29323,8.30277,1.12,1.00
2015.06.30 22:34:33.972,8.29323,8.30267,1.12,1.00
2015.06.30 22:34:34.998,8.29333,8.30277,1.00,1.00
2015.06.30 22:34:35.794,8.29333,8.30297,1.00,1.00
2015.06.30 22:34:36.805,8.29333,8.30287,1.00,1.00
2015.06.30 22:34:37.795,8.29333,8.30277,1.00,1.00
2015.06.30 22:34:45.401,8.29333,8.30297,1.00,1.00
2015.06.30 22:34:46.403,8.29333,8.30287,1.00,1.00
2015.06.30 22:34:46.952,8.29343,8.30307,1.00,1.00
2015.06.30 22:34:47.405,8.29343,8.30297,1.00,1.00
2015.06.30 22:34:49.510,8.29353,8.30297,1.00,1.00
2015.06.30 22:34:59.528,8.29353,8.30287,1.00,1.00
2015.06.30 22:35:02.886,8.29313,8.30267,1.75,1.00
2015.06.30 22:35:02.939,8.29323,8.30277,1.12,1.00
2015.06.30 22:35:03.340,8.29313,8.30267,1.75,1.00
2015.06.30 22:35:06.188,8.29333,8.30287,1.00,1.00
2015.06.30 22:35:06.245,8.29313,8.30267,1.75,1.00
2015.06.30 22:35:14.796,8.29314,8.30266,1.75,1.00
2015.06.30 22:35:16.359,8.29313,8.30267,1.75,1.00
2015.06.30 22:35:20.617,8.29396,8.30267,1.00,1.00
2015.06.30 22:35:22.873,8.29396,8.30277,1.00,1.00
2015.06.30 22:35:34.996,8.29396,8.30257,1.00,1.00
2015.06.30 22:35:41.210,8.29396,8.30246,1.00,1.00
2015.06.30 22:35:41.410,8.29396,8.30257,1.00,1.00
2015.06.30 22:35:52.130,8.29396,8.30277,1.00,1.00
2015.06.30 22:35:52.758,8.29396,8.30267,1.00,1.00
2015.06.30 22:35:53.437,8.29396,8.30277,1.00,1.00
2015.06.30 22:35:55.070,8.29396,8.30287,1.00,1.00
2015.06.30 22:35:57.082,8.29396,8.30276,1.00,1.00
2015.06.30 22:35:57.284,8.29396,8.30287,1.00,1.00
2015.06.30 22:36:01.562,8.29396,8.30297,1.00,1.00
2015.06.30 22:36:02.002,8.29396,8.30287,1.00,1.00
2015.06.30 22:36:13.182,8.29396,8.30257,1.00,1.00
2015.06.30 22:36:20.801,8.29253,8.30257,1.75,1.00
2015.06.30 22:36:22.804,8.29246,8.30237,1.75,1.00
2015.06.30 22:36:28.414,8.29246,8.30247,1.75,1.00
2015.06.30 22:36:31.421,8.29246,8.30237,1.75,1.00
2015.06.30 22:36:34.128,8.29246,8.30247,1.75,1.00
2015.06.30 22:36:42.652,8.29253,8.30257,1.75,1.00
2015.06.30 22:36:42.772,8.29246,8.30247,1.75,1.00
2015.06.30 22:36:43.195,8.29246,8.30227,1.75,1.00
2015.06.30 22:36:45.158,8.29246,8.30237,1.75,1.00
2015.06.30 22:36:52.272,8.29246,8.30227,1.75,1.00
2015.06.30 22:36:53.574,8.29247,8.30216,1.75,1.00
2015.06.30 22:36:53.687,8.29246,8.30257,1.75,1.00
2015.06.30 22:36:58.887,8.29246,8.30227,1.75,1.00
2015.06.30 22:37:00.063,8.29246,8.30227,1.75,1.00
2015.06.30 22:37:01.894,8.29246,8.30217,1.75,1.00
2015.06.30 22:37:03.896,8.29246,8.30227,1.75,1.00
2015.06.30 22:37:07.308,8.29246,8.30237,1.75,1.00
2015.06.30 22:37:09.007,8.29246,8.30227,1.75,1.00
2015.06.30 22:37:10.652,8.29246,8.30237,1.75,1.00
2015.06.30 22:37:11.157,8.29247,8.30236,1.75,1.00
2015.06.30 22:37:11.844,8.29246,8.30237,1.75,1.00
2015.06.30 22:37:13.517,8.29246,8.30247,1.75,1.00
2015.06.30 22:37:15.326,8.29246,8.30227,1.75,1.00
2015.06.30 22:37:15.636,8.29246,8.30217,1.75,1.00
2015.06.30 22:37:16.224,8.29246,8.30227,1.75,1.00
2015.06.30 22:37:17.226,8.29246,8.30217,1.75,1.00
2015.06.30 22:37:17.427,8.29246,8.30227,1.75,1.00
2015.06.30 22:37:18.429,8.29246,8.30217,1.75,1.00
2015.06.30 22:37:18.967,8.29246,8.30247,1.75,1.00
2015.06.30 22:37:25.347,8.29246,8.30257,1.75,1.00
2015.06.30 22:37:27.652,8.29246,8.30247,1.75,1.00
2015.06.30 22:37:28.454,8.29246,8.30257,1.75,1.00
2015.06.30 22:37:29.265,8.29246,8.30247,1.75,1.00
2015.06.30 22:37:29.658,8.29246,8.30257,1.75,1.00
2015.06.30 22:37:33.767,8.29253,8.30267,1.75,1.00
2015.06.30 22:37:37.678,8.29253,8.30257,1.75,1.00
2015.06.30 22:37:46.196,8.29253,8.30267,1.75,1.00
2015.06.30 22:37:49.009,8.29246,8.30217,1.75,1.00
2015.06.30 22:37:49.219,8.29253,8.30227,1.75,1.00
2015.06.30 22:37:53.619,8.29253,8.30217,1.75,1.00
2015.06.30 22:38:00.289,8.29253,8.30217,1.75,1.00
2015.06.30 22:38:00.833,8.29253,8.30247,1.75,1.00
2015.06.30 22:38:04.272,8.29263,8.30257,1.75,1.00
2015.06.30 22:38:04.740,8.29263,8.30267,1.75,1.00
2015.06.30 22:38:05.196,8.29263,8.30267,1.75,1.00
2015.06.30 22:38:14.790,8.29283,8.30277,1.75,1.00
2015.06.30 22:38:15.692,8.29293,8.30307,1.75,1.00
2015.06.30 22:38:15.794,8.29293,8.30297,1.75,1.00
2015.06.30 22:38:15.960,8.29303,8.30307,1.75,1.00
2015.06.30 22:38:16.395,8.29313,8.30317,1.75,1.00
2015.06.30 22:38:17.163,8.29323,8.30307,1.75,1.00
2015.06.30 22:38:17.561,8.29313,8.30297,1.75,1.00
2015.06.30 22:38:21.522,8.29323,8.30307,1.75,1.00
2015.06.30 22:38:23.576,8.29343,8.30297,1.50,1.00
2015.06.30 22:38:24.278,8.29323,8.30277,1.75,1.00
2015.06.30 22:38:24.581,8.29303,8.30257,2.25,1.00
2015.06.30 22:38:30.029,8.29303,8.30237,1.75,1.00
2015.06.30 22:38:30.130,8.29303,8.30247,1.75,1.00
2015.06.30 22:38:30.194,8.29303,8.30257,1.75,1.00
2015.06.30 22:38:30.395,8.29303,8.30247,1.75,1.00
2015.06.30 22:38:30.742,8.29246,8.30207,1.75,1.00
2015.06.30 22:38:32.000,8.29247,8.30216,1.75,1.00
2015.06.30 22:38:37.434,8.29246,8.30207,1.75,1.00
2015.06.30 22:38:41.855,8.29246,8.30247,1.75,1.00
2015.06.30 22:38:51.350,8.29273,8.30237,1.75,1.00
2015.06.30 22:39:09.008,8.29274,8.30236,1.75,1.00
2015.06.30 22:39:14.326,8.29274,8.30236,1.75,1.00
2015.06.30 22:39:14.492,8.29273,8.30227,1.75,1.00
2015.06.30 22:39:20.649,8.29263,8.30237,1.75,1.00
2015.06.30 22:40:14.742,8.29293,8.30237,1.75,1.00
2015.06.30 22:40:25.761,8.29293,8.30227,1.75,1.00
2015.06.30 22:40:36.358,8.29293,8.30237,1.75,1.00
2015.06.30 22:40:36.907,8.29304,8.30247,1.37,1.00
2015.06.30 22:40:45.778,8.29304,8.30257,1.37,1.00
2015.06.30 22:40:59.463,8.29313,8.30257,1.00,1.00
2015.06.30 22:42:37.382,8.29313,8.30247,1.00,1.00
2015.06.30 22:42:44.360,8.29313,8.30317,1.00,1.00
2015.06.30 22:42:44.411,8.29313,8.30247,1.00,1.00
2015.06.30 22:42:46.494,8.29303,8.30247,1.00,1.00
2015.06.30 22:42:57.449,8.29303,8.30257,1.00,1.00
2015.06.30 22:42:59.493,8.29293,8.30237,1.00,1.00
2015.06.30 22:42:59.743,8.29283,8.30247,1.75,1.00
2015.06.30 22:42:59.850,8.29273,8.30217,1.75,1.00
2015.06.30 22:43:00.324,8.29283,8.30227,1.75,1.00
2015.06.30 22:43:01.627,8.29293,8.30227,1.00,1.00
2015.06.30 22:43:07.351,8.29303,8.30237,1.00,1.00
2015.06.30 22:43:11.145,8.29304,8.30226,1.00,1.00
2015.06.30 22:43:11.362,8.29294,8.30246,1.00,1.00
2015.06.30 22:43:11.514,8.29293,8.30257,1.00,1.00
2015.06.30 22:43:12.391,8.29304,8.30266,1.75,1.00
2015.06.30 22:43:12.553,8.29303,8.30287,1.75,1.00
2015.06.30 22:43:14.858,8.29344,8.30286,1.75,1.00
2015.06.30 22:43:17.364,8.29343,8.30277,1.75,1.00
2015.06.30 22:43:36.915,8.29343,8.30267,1.75,1.00
2015.06.30 22:43:37.205,8.29343,8.30277,1.75,1.00
2015.06.30 22:43:40.713,8.29343,8.30267,1.75,1.00
2015.06.30 22:43:57.246,8.29343,8.30287,1.75,1.00
2015.06.30 22:43:57.446,8.29343,8.30277,1.75,1.00
2015.06.30 22:43:57.769,8.29343,8.30287,1.75,1.00
2015.06.30 22:43:58.448,8.29343,8.30277,1.75,1.00
2015.06.30 22:43:58.798,8.29343,8.30287,1.75,1.00
2015.06.30 22:44:14.711,8.29343,8.30277,1.75,1.00
2015.06.30 22:44:16.033,8.29343,8.30277,1.75,1.00
2015.06.30 22:44:18.088,8.29333,8.30266,1.75,1.00
2015.06.30 22:44:18.399,8.29312,8.30257,1.75,1.00
2015.06.30 22:44:19.191,8.29312,8.30267,1.75,1.00
2015.06.30 22:44:19.993,8.29313,8.30277,1.75,1.00
2015.06.30 22:44:24.011,8.29324,8.30276,1.75,1.00
2015.06.30 22:44:28.750,8.29323,8.30267,1.75,1.00
2015.06.30 22:44:31.559,8.29312,8.30247,1.37,1.00
2015.06.30 22:44:31.717,8.29312,8.30236,1.37,1.00
2015.06.30 22:44:31.968,8.29312,8.30246,1.37,1.00
2015.06.30 22:44:41.839,8.29303,8.30237,2.25,1.00
2015.06.30 22:45:02.403,8.29303,8.30247,2.25,1.00
2015.06.30 22:45:02.604,8.29303,8.30197,1.75,1.00
2015.06.30 22:45:02.938,8.29246,8.30177,1.75,1.00
2015.06.30 22:45:07.617,8.29262,8.30176,1.75,1.00
2015.06.30 22:45:07.949,8.29412,8.30176,1.00,1.00
2015.06.30 22:45:11.227,8.29412,8.30197,1.00,1.00
2015.06.30 22:45:16.843,8.29412,8.30196,1.00,1.00
2015.06.30 22:45:17.849,8.29412,8.30197,1.00,1.00
2015.06.30 22:45:26.173,8.29412,8.30207,1.00,1.00
2015.06.30 22:45:34.732,8.29412,8.30217,1.00,1.00
2015.06.30 22:45:34.834,8.29412,8.30207,1.00,1.00
2015.06.30 22:45:50.839,8.29412,8.30197,1.00,1.00
2015.06.30 22:45:53.547,8.29412,8.30207,1.00,1.00
2015.06.30 22:45:56.888,8.29412,8.30197,1.00,1.00
2015.06.30 22:45:57.156,8.29412,8.30207,1.00,1.00
2015.06.30 22:45:58.791,8.29412,8.30197,1.00,1.00
2015.06.30 22:46:01.266,8.29412,8.30207,1.00,1.00
2015.06.30 22:46:07.280,8.29412,8.30217,1.00,1.00
2015.06.30 22:46:07.381,8.29412,8.30207,1.00,1.00
2015.06.30 22:46:07.781,8.29263,8.30217,1.75,1.00
2015.06.30 22:46:22.458,8.29273,8.30227,2.25,1.00
2015.06.30 22:46:23.453,8.29284,8.30237,1.75,1.00
2015.06.30 22:46:23.677,8.29284,8.30227,1.75,1.00
2015.06.30 22:46:27.371,8.29293,8.30237,2.25,1.00
2015.06.30 22:46:27.472,8.29293,8.30247,2.25,1.00
2015.06.30 22:46:27.540,8.29294,8.30236,1.50,1.00
2015.06.30 22:46:27.756,8.29293,8.30247,2.25,1.00
2015.06.30 22:46:27.942,8.29293,8.30237,2.25,1.00
2015.06.30 22:46:28.276,8.29293,8.30247,2.25,1.00
2015.06.30 22:46:28.945,8.29293,8.30237,2.25,1.00
2015.06.30 22:46:31.618,8.29303,8.30247,1.00,1.00
2015.06.30 22:46:36.558,8.29303,8.30247,2.25,1.00
2015.06.30 22:47:02.024,8.29313,8.30257,1.12,1.00
2015.06.30 22:47:02.425,8.29313,8.30247,1.12,1.00
2015.06.30 22:47:02.726,8.29313,8.30257,1.12,1.00
2015.06.30 22:47:03.127,8.29313,8.30247,1.12,1.00
2015.06.30 22:47:04.028,8.29313,8.30257,1.12,1.00
2015.06.30 22:47:04.731,8.29314,8.30256,1.00,1.00
2015.06.30 22:47:05.252,8.29303,8.30257,2.25,1.00
2015.06.30 22:47:27.880,8.29323,8.30257,1.00,1.00
2015.06.30 22:47:30.387,8.29313,8.30257,1.12,1.00
2015.06.30 22:47:32.006,8.29313,8.30247,1.12,1.00
2015.06.30 22:47:47.945,8.29304,8.30247,1.00,1.00
2015.06.30 22:47:50.128,8.29313,8.30247,1.00,1.00
2015.06.30 22:47:55.947,8.29313,8.30257,1.00,1.00
2015.06.30 22:47:58.252,8.29313,8.30247,1.00,1.00
2015.06.30 22:48:01.407,8.29313,8.30257,1.50,1.00
2015.06.30 22:48:14.885,8.29314,8.30246,1.00,1.00
2015.06.30 22:48:19.596,8.29313,8.30247,1.00,1.00
2015.06.30 22:48:47.661,8.29313,8.30257,1.50,1.00
2015.06.30 22:48:49.165,8.29313,8.30247,1.50,1.00
2015.06.30 22:48:49.366,8.29313,8.30257,1.50,1.00
2015.06.30 22:48:49.867,8.29323,8.30257,1.00,1.00
2015.06.30 22:48:58.823,8.29313,8.30257,1.50,1.00
2015.06.30 22:49:03.349,8.29323,8.30257,1.00,1.00
2015.06.30 22:49:19.265,8.29313,8.30247,1.50,1.00
2015.06.30 22:49:22.706,8.29303,8.30247,1.50,1.00
2015.06.30 22:49:22.757,8.29323,8.30297,1.00,1.00
2015.06.30 22:49:22.844,8.29323,8.30287,1.75,1.00
2015.06.30 22:49:32.488,8.29393,8.30337,1.00,1.00
2015.06.30 22:49:37.176,8.29393,8.30347,1.00,1.00
2015.06.30 22:49:37.377,8.29403,8.30347,1.00,1.00
2015.06.30 22:49:37.878,8.29414,8.30356,1.00,1.00
2015.06.30 22:49:38.116,8.29423,8.30377,1.00,1.00
2015.06.30 22:49:38.217,8.29433,8.30377,1.00,1.00
2015.06.30 22:49:39.583,8.29443,8.30387,1.00,1.00
2015.06.30 22:49:39.885,8.29433,8.30387,1.00,1.00
2015.06.30 22:49:40.086,8.29443,8.30387,1.00,1.00
2015.06.30 22:49:42.792,8.29443,8.30377,1.00,1.00
2015.06.30 22:49:47.905,8.29443,8.30387,1.00,1.00
2015.06.30 22:49:51.084,8.29443,8.30387,1.75,1.00
2015.06.30 22:49:51.480,8.29433,8.30377,1.75,1.00
2015.06.30 22:49:52.421,8.29423,8.30367,1.75,1.00
2015.06.30 22:49:54.429,8.29433,8.30377,1.75,1.00
2015.06.30 22:49:55.434,8.29433,8.30367,1.75,1.00
2015.06.30 22:49:57.640,8.29433,8.30377,1.75,1.00
2015.06.30 22:50:04.665,8.29443,8.30387,1.75,1.00
2015.06.30 22:50:20.420,8.29453,8.30377,1.75,1.00
2015.06.30 22:50:28.433,8.29413,8.30387,1.75,1.00
2015.06.30 22:50:28.484,8.29413,8.30387,1.00,1.00
2015.06.30 22:50:29.429,8.29423,8.30387,1.00,1.00
2015.06.30 22:50:33.473,8.29433,8.30387,1.00,1.00
2015.06.30 22:50:43.605,8.29423,8.30377,1.00,1.00
2015.06.30 22:50:46.089,8.29423,8.30377,1.75,1.00
2015.06.30 22:50:52.223,8.29434,8.30376,1.75,1.00
2015.06.30 22:50:52.383,8.29433,8.30387,1.75,1.00
2015.06.30 22:50:52.484,8.29433,8.30377,1.75,1.00
2015.06.30 22:50:56.695,8.29433,8.30387,1.75,1.00
2015.06.30 22:51:05.720,8.29433,8.30377,1.75,1.00
2015.06.30 22:51:22.957,8.29423,8.30387,1.75,1.00
2015.06.30 22:51:24.761,8.29433,8.30377,1.75,1.00
2015.06.30 22:51:25.063,8.29433,8.30387,1.75,1.00
2015.06.30 22:51:30.382,8.29433,8.30377,1.75,1.00
2015.06.30 22:51:30.483,8.29433,8.30387,1.75,1.00
2015.06.30 22:51:30.697,8.29433,8.30377,1.75,1.00
2015.06.30 22:51:30.884,8.29433,8.30387,2.25,1.00
2015.06.30 22:51:31.489,8.29434,8.30356,1.75,1.00
2015.06.30 22:51:32.246,8.29433,8.30357,1.75,1.00
2015.06.30 22:51:35.404,8.29423,8.30367,2.25,1.00
2015.06.30 22:51:40.935,8.29423,8.30377,1.75,1.00
2015.06.30 22:51:40.992,8.29507,8.30377,1.00,1.00
2015.06.30 22:51:41.043,8.29507,8.30387,1.00,1.00
2015.06.30 22:51:41.226,8.29507,8.30397,1.00,1.00
2015.06.30 22:51:41.318,8.29507,8.30386,1.00,1.00
2015.06.30 22:51:42.320,8.29507,8.30397,1.00,1.00
2015.06.30 22:51:43.222,8.29507,8.30387,1.00,1.00
2015.06.30 22:52:05.076,8.29507,8.30397,1.00,1.00
2015.06.30 22:52:05.376,8.29507,8.30387,1.00,1.00
2015.06.30 22:52:22.112,8.29507,8.30377,1.00,1.00
2015.06.30 22:52:22.806,8.29507,8.30387,1.00,1.00
2015.06.30 22:52:26.941,8.29507,8.30386,1.00,1.00
2015.06.30 22:52:36.798,8.29507,8.30387,1.00,1.00
2015.06.30 22:52:41.062,8.29443,8.30387,1.75,1.00
2015.06.30 22:52:43.150,8.29444,8.30376,1.75,1.00
2015.06.30 22:52:48.098,8.29444,8.30376,1.00,1.00
2015.06.30 22:52:50.702,8.29453,8.30376,1.00,1.00
2015.06.30 22:52:54.020,8.29463,8.30376,1.00,1.00
2015.06.30 22:52:54.071,8.29463,8.30387,1.00,1.00
2015.06.30 22:52:56.018,8.29463,8.30387,1.75,1.00
2015.06.30 22:53:14.843,8.29453,8.30407,2.25,1.00
2015.06.30 22:53:16.022,8.29453,8.30397,1.75,1.00
2015.06.30 22:53:26.351,8.29454,8.30386,1.75,1.00
2015.06.30 22:53:26.851,8.29453,8.30397,1.75,1.00
2015.06.30 22:53:33.119,8.29443,8.30347,1.00,1.00
2015.06.30 22:53:33.171,8.29403,8.30357,1.00,1.00
2015.06.30 22:53:33.282,8.29393,8.30367,1.50,1.00
2015.06.30 22:53:33.676,8.29403,8.30377,1.00,1.00
2015.06.30 22:53:34.047,8.29403,8.30367,1.00,1.00
2015.06.30 22:53:34.377,8.29413,8.30377,1.00,1.00
2015.06.30 22:53:36.087,8.29423,8.30377,1.00,1.00
2015.06.30 22:53:36.801,8.29433,8.30377,1.00,1.00
2015.06.30 22:53:37.295,8.29433,8.30387,1.00,1.00
2015.06.30 22:53:38.529,8.29444,8.30386,1.00,1.00
2015.06.30 22:53:43.725,8.29453,8.30387,1.00,1.00
2015.06.30 22:53:44.141,8.29453,8.30397,1.00,1.00
2015.06.30 22:53:50.419,8.29453,8.30417,1.00,1.00
2015.06.30 22:53:50.520,8.29463,8.30417,1.00,1.00
2015.06.30 22:53:50.819,8.29453,8.30417,1.00,1.00
2015.06.30 22:53:51.120,8.29463,8.30417,1.00,1.00
2015.06.30 22:53:52.221,8.29454,8.30416,1.00,1.00
2015.06.30 22:53:52.642,8.29463,8.30417,1.00,1.00
2015.06.30 22:54:02.644,8.29473,8.30417,1.00,1.00
2015.06.30 22:54:18.819,8.29483,8.30427,1.00,1.00
2015.06.30 22:54:19.040,8.29473,8.30427,1.00,1.00
2015.06.30 22:54:19.209,8.29473,8.30417,1.00,1.00
2015.06.30 22:54:19.540,8.29483,8.30427,1.00,1.00
2015.06.30 22:54:27.718,8.29483,8.30437,1.00,1.00
2015.06.30 22:54:47.460,8.29503,8.30497,1.00,1.00
2015.06.30 22:54:47.561,8.29533,8.30567,1.00,1.00
2015.06.30 22:54:47.662,8.29543,8.30587,1.37,1.00
2015.06.30 22:54:47.763,8.29563,8.30637,1.00,1.00
2015.06.30 22:54:47.865,8.29544,8.30626,1.75,1.00
2015.06.30 22:54:47.966,8.29553,8.30637,1.75,1.00
2015.06.30 22:54:48.166,8.29563,8.30708,1.12,1.00
2015.06.30 22:54:48.270,8.29629,8.30577,1.00,1.00
2015.06.30 22:55:09.745,8.29633,8.30577,1.00,1.00
2015.06.30 22:55:10.051,8.29643,8.30577,1.37,1.00
2015.06.30 22:55:10.764,8.29687,8.30594,1.00,1.00
2015.06.30 22:55:12.643,8.29703,8.30594,1.50,1.00
2015.06.30 22:55:13.162,8.29713,8.30594,1.00,1.00
2015.06.30 22:55:13.646,8.29723,8.30594,1.00,1.00
2015.06.30 22:55:14.036,8.29774,8.30604,1.00,1.00
2015.06.30 22:55:43.291,8.29794,8.30604,1.00,1.00
2015.06.30 22:55:43.669,8.29803,8.30604,1.75,1.00
2015.06.30 22:55:46.870,8.29864,8.30607,1.00,1.00
2015.06.30 22:55:50.954,8.29864,8.30607,1.75,1.00
2015.06.30 22:55:51.273,8.29932,8.30603,1.00,1.00
2015.06.30 22:56:51.244,8.29833,8.3076,1.00,1.00
2015.06.30 22:56:51.905,8.29833,8.30761,1.00,1.00
2015.06.30 22:56:55.188,8.29813,8.30761,1.00,1.00
2015.06.30 22:56:55.266,8.29803,8.30757,1.00,1.00
2015.06.30 22:56:56.211,8.29823,8.30757,1.00,1.00
2015.06.30 22:57:02.998,8.29813,8.30757,1.00,1.00
2015.06.30 22:57:05.970,8.29823,8.30757,1.00,1.00
2015.06.30 22:57:11.145,8.29813,8.30757,1.00,1.00
2015.06.30 22:57:17.715,8.29813,8.30746,1.00,1.00
2015.06.30 22:57:18.130,8.29823,8.30747,1.00,1.00
2015.06.30 22:57:19.152,8.29823,8.30737,1.00,1.00
2015.06.30 22:57:19.203,8.29813,8.30737,1.00,1.00
2015.06.30 22:57:19.609,8.29823,8.30737,1.00,1.00
2015.06.30 22:57:19.661,8.29823,8.30747,1.00,1.00
2015.06.30 22:57:22.489,8.29823,8.30757,1.00,1.00
2015.06.30 22:57:25.669,8.29813,8.30737,1.00,1.00
2015.06.30 22:57:26.064,8.29823,8.30747,1.00,1.00
2015.06.30 22:57:30.160,8.29823,8.30757,1.00,1.00
2015.06.30 22:57:33.033,8.29783,8.30757,1.00,1.00
2015.06.30 22:57:37.795,8.29774,8.30667,1.00,1.00
2015.06.30 22:57:38.927,8.29774,8.30747,1.00,1.00
2015.06.30 22:57:39.098,8.29774,8.30757,1.00,1.00
2015.06.30 22:57:40.401,8.29774,8.30747,1.00,1.00
2015.06.30 22:57:41.048,8.29774,8.30757,1.00,1.00
2015.06.30 22:57:41.516,8.29775,8.30746,1.00,1.00
2015.06.30 22:57:48.868,8.29823,8.30746,1.00,1.00
2015.06.30 22:57:51.617,8.29834,8.30746,1.00,1.00
2015.06.30 22:57:51.667,8.29834,8.30757,1.00,1.00
2015.06.30 22:57:51.855,8.29843,8.30761,1.00,1.00
2015.06.30 22:57:53.157,8.29814,8.30761,1.00,1.00
2015.06.30 22:57:55.246,8.29814,8.30667,1.00,1.00
2015.06.30 22:58:01.581,8.29774,8.30667,1.00,1.00
2015.06.30 22:58:05.481,8.29775,8.30736,1.00,1.00
2015.06.30 22:58:07.375,8.29774,8.30727,1.00,1.00
2015.06.30 22:58:14.857,8.29793,8.30727,1.00,1.00
2015.06.30 22:58:15.558,8.29793,8.30717,1.00,1.00
2015.06.30 22:58:21.048,8.29793,8.30727,1.00,1.00
2015.06.30 22:58:21.407,8.29793,8.30717,1.00,1.00
2015.06.30 22:58:21.743,8.29793,8.30707,1.00,1.00
2015.06.30 22:58:23.347,8.29774,8.30707,1.75,1.00
2015.06.30 22:58:23.398,8.29774,8.30707,1.75,1.00
2015.06.30 22:58:23.449,8.29774,8.30761,1.75,1.00
2015.06.30 22:58:23.674,8.29793,8.30761,1.75,1.00
2015.06.30 22:58:23.988,8.29833,8.3076,1.00,1.00
2015.06.30 22:58:24.316,8.29843,8.30761,1.75,1.00
2015.06.30 22:58:24.864,8.29844,8.3076,1.75,1.00
2015.06.30 22:58:25.426,8.29853,8.30761,1.75,1.00
2015.06.30 22:58:26.566,8.29874,8.3076,1.00,1.00
2015.06.30 22:58:28.524,8.29884,8.3076,1.00,1.00
2015.06.30 22:58:31.965,8.29873,8.30761,1.00,1.00
2015.06.30 22:58:32.066,8.29863,8.30761,1.37,1.00
2015.06.30 22:58:33.836,8.29873,8.30761,1.00,1.00
2015.06.30 22:58:35.485,8.29883,8.30761,1.00,1.00
2015.06.30 22:58:36.843,8.29873,8.30761,1.00,1.00
2015.06.30 22:58:40.299,8.29853,8.3076,1.75,1.00
2015.06.30 22:58:40.405,8.29873,8.3076,1.00,1.00
2015.06.30 22:58:40.637,8.29863,8.30761,1.87,1.00
2015.06.30 22:58:40.855,8.29873,8.30761,1.00,1.00
2015.06.30 22:58:41.658,8.29883,8.30761,1.00,1.00
2015.06.30 22:58:42.961,8.29903,8.30761,1.00,1.00
2015.06.30 22:58:45.768,8.29913,8.30761,1.00,1.00
2015.06.30 22:58:47.919,8.29903,8.30761,1.00,1.00
2015.06.30 22:58:48.275,8.29913,8.30761,1.00,1.00
2015.06.30 22:58:49.077,8.29923,8.30761,1.00,1.00
2015.06.30 22:58:49.781,8.29924,8.3076,1.00,1.00
2015.06.30 22:58:50.230,8.29933,8.30761,1.00,1.00
2015.06.30 22:58:50.282,8.29923,8.30761,1.00,1.00
2015.06.30 22:58:50.383,8.29933,8.30749,1.00,1.00
2015.06.30 22:58:50.687,8.30274,8.30631,1.00,1.00
2015.06.30 22:58:50.924,8.30158,8.309,1.00,1.00
2015.06.30 22:58:51.043,8.30102,8.30916,1.00,1.00
2015.06.30 22:58:51.094,8.30102,8.30906,1.00,1.00
2015.06.30 22:58:51.206,8.30102,8.30927,1.00,1.00
2015.06.30 22:58:51.428,8.30102,8.30907,1.00,1.00
2015.06.30 22:58:52.096,8.30102,8.30897,1.00,1.00
2015.06.30 22:58:52.490,8.30102,8.30887,1.00,1.00
2015.06.30 22:58:56.306,8.30102,8.30877,1.00,1.00
2015.06.30 22:58:57.208,8.30102,8.30847,1.00,1.00
2015.06.30 22:58:57.909,8.30102,8.30857,1.00,1.00
2015.06.30 22:59:04.734,8.30102,8.30877,1.00,1.00
2015.06.30 22:59:04.957,8.30102,8.30826,1.00,1.00
2015.06.30 22:59:05.324,8.30102,8.30886,1.00,1.00
2015.06.30 22:59:05.425,8.30102,8.30897,1.00,1.00
2015.06.30 22:59:05.665,8.30102,8.30837,1.00,1.00
2015.06.30 22:59:05.954,8.30102,8.30896,1.00,1.00
2015.06.30 22:59:06.327,8.30102,8.30917,1.00,1.00
2015.06.30 22:59:06.529,8.30102,8.30907,1.00,1.00
2015.06.30 22:59:06.917,8.30102,8.30897,1.00,1.00
2015.06.30 22:59:06.976,8.30102,8.30907,1.00,1.00
2015.06.30 22:59:07.132,8.30102,8.30917,1.00,1.00
2015.06.30 22:59:07.834,8.30102,8.30907,1.00,1.00
2015.06.30 22:59:08.850,8.30102,8.30897,1.00,1.00
2015.06.30 22:59:10.241,8.30102,8.30877,1.00,1.00
2015.06.30 22:59:10.456,8.30102,8.30897,1.00,1.00
2015.06.30 22:59:12.158,8.30102,8.30887,1.00,1.00
2015.06.30 22:59:12.264,8.30102,8.30897,1.00,1.00
2015.06.30 22:59:12.760,8.30102,8.30887,1.00,1.00
2015.06.30 22:59:12.987,8.30102,8.30897,1.00,1.00
2015.06.30 22:59:15.685,8.30102,8.30877,1.00,1.00
2015.06.30 22:59:15.899,8.30102,8.30897,1.00,1.00
2015.06.30 22:59:18.461,8.30102,8.30877,1.00,1.00
2015.06.30 22:59:18.706,8.30102,8.30897,1.00,1.00
2015.06.30 22:59:33.841,8.30102,8.30877,1.00,1.00
2015.06.30 22:59:33.998,8.30102,8.30897,1.00,1.00
2015.06.30 22:59:34.905,8.30102,8.30907,1.00,1.00
2015.06.30 22:59:36.700,8.30102,8.30937,1.00,1.00
2015.06.30 22:59:36.751,8.30102,8.30957,1.00,1.00
2015.06.30 22:59:36.952,8.30102,8.30977,1.00,1.00
2015.06.30 22:59:37.012,8.30102,8.30967,1.00,1.00
2015.06.30 22:59:37.356,8.30102,8.30937,1.00,1.00
2015.06.30 22:59:37.715,8.30102,8.30917,1.00,1.00
2015.06.30 22:59:38.082,8.30102,8.30907,1.00,1.00
2015.06.30 22:59:39.320,8.30102,8.30887,1.00,1.00
2015.06.30 22:59:39.528,8.30102,8.30907,1.00,1.00
2015.06.30 22:59:40.022,8.30102,8.30887,1.00,1.00
2015.06.30 22:59:40.223,8.30102,8.30907,1.00,1.00
2015.06.30 22:59:41.434,8.30102,8.30937,1.00,1.00
2015.06.30 22:59:41.535,8.30102,8.30947,1.00,1.00
2015.06.30 22:59:41.636,8.30102,8.30967,1.00,1.00
2015.06.30 22:59:41.864,8.30102,8.30983,1.00,1.00
2015.06.30 22:59:42.476,8.30102,8.30957,1.00,1.00
2015.06.30 22:59:42.784,8.30102,8.30937,1.00,1.00
2015.06.30 22:59:43.334,8.30102,8.30927,1.00,1.00
2015.06.30 22:59:44.637,8.30102,8.30937,1.00,1.00
2015.06.30 22:59:45.339,8.30102,8.30947,1.00,1.00
2015.06.30 22:59:45.440,8.30102,8.30956,1.00,1.00
2015.06.30 22:59:45.667,8.30102,8.30967,1.00,1.00
2015.06.30 22:59:46.242,8.30102,8.30957,1.00,1.00
2015.06.30 22:59:50.954,8.30102,8.30947,1.00,1.00
2015.06.30 22:59:51.154,8.29993,8.30937,1.00,1.00
2015.06.30 22:59:51.377,8.29983,8.30937,1.00,1.00
2015.06.30 22:59:51.706,8.29973,8.30937,1.37,1.00
2015.06.30 22:59:52.367,8.29983,8.30937,1.00,1.00
2015.06.30 22:59:52.697,8.29983,8.30927,1.00,1.00
2015.06.30 22:59:54.264,8.29983,8.30917,1.00,1.00
2015.06.30 22:59:54.315,8.29963,8.30917,1.75,1.00
2015.06.30 22:59:54.424,8.29963,8.30927,1.75,1.00
2015.06.30 22:59:54.565,8.29963,8.30907,1.75,1.00
