2009.09.11 14:00:01.641,6.9836,6.9852,1.00,1.00
2009.09.11 14:00:02.341,6.9836,6.9858,1.00,3.20
2009.09.11 14:00:02.691,6.9836,6.9858,1.00,1.00
2009.09.11 14:00:02.971,6.9836,6.9861,1.00,1.00
2009.09.11 14:00:03.771,6.984,6.9864,1.00,1.00
2009.09.11 14:00:06.210,6.9848,6.9864,1.00,1.00
2009.09.11 14:00:06.560,6.9845,6.9871,1.00,1.00
2009.09.11 14:00:07.640,6.9843,6.9871,1.00,1.00
2009.09.11 14:00:07.980,6.9845,6.9868,1.00,1.00
2009.09.11 14:00:10.669,6.9842,6.9866,1.00,1.00
2009.09.11 14:00:11.009,6.9845,6.9866,1.00,1.00
2009.09.11 14:00:11.539,6.9845,6.9866,1.20,1.00
2009.09.11 14:00:13.499,6.9845,6.9864,1.20,1.00
2009.09.11 14:00:13.828,6.9845,6.9864,1.00,1.00
2009.09.11 14:00:14.178,6.98405,6.9863,1.20,1.00
2009.09.11 14:00:14.528,6.9845,6.9863,1.20,1.00
2009.09.11 14:00:15.568,6.9845,6.9862,1.20,1.00
2009.09.11 14:00:15.918,6.9845,6.9863,1.20,1.00
2009.09.11 14:00:16.268,6.9845,6.9861,1.00,1.00
2009.09.11 14:00:17.028,6.98395,6.9858,1.20,1.00
2009.09.11 14:00:17.588,6.98395,6.9857,1.20,1.00
2009.09.11 14:00:17.768,6.98395,6.9853,1.00,1.00
2009.09.11 14:00:18.107,6.9836,6.9853,1.00,1.00
2009.09.11 14:00:18.267,6.9836,6.9856,1.00,1.00
2009.09.11 14:00:20.437,6.9836,6.9853,1.00,1.00
2009.09.11 14:00:22.326,6.9836,6.9851,1.00,1.00
2009.09.11 14:00:22.727,6.9836,6.9856,1.00,1.00
2009.09.11 14:00:23.016,6.9836,6.9849,1.00,1.00
2009.09.11 14:00:23.296,6.9836,6.9851,1.00,1.00
2009.09.11 14:00:27.485,6.9836,6.9856,1.00,1.00
2009.09.11 14:00:28.795,6.9836,6.9849,1.00,1.00
2009.09.11 14:00:29.475,6.9836,6.9852,1.00,1.00
2009.09.11 14:00:29.874,6.9836,6.9849,1.00,1.00
2009.09.11 14:00:31.244,6.9836,6.9852,1.00,1.00
2009.09.11 14:00:31.474,6.9836,6.9854,1.00,1.00
2009.09.11 14:00:32.694,6.9836,6.9856,1.00,1.00
2009.09.11 14:00:33.384,6.9836,6.9859,1.00,1.00
2009.09.11 14:00:34.623,6.984,6.9863,1.00,3.20
2009.09.11 14:00:34.843,6.9842,6.9863,1.00,2.40
2009.09.11 14:00:35.023,6.9844,6.9868,1.00,2.40
2009.09.11 14:00:35.243,6.98405,6.9863,1.00,1.00
2009.09.11 14:00:35.423,6.9842,6.9866,1.00,1.00
2009.09.11 14:00:37.033,6.9844,6.9868,1.00,3.20
2009.09.11 14:00:37.373,6.98425,6.9866,1.00,1.00
2009.09.11 14:00:37.713,6.98445,6.9863,1.20,1.00
2009.09.11 14:00:38.173,6.98445,6.9866,1.20,1.00
2009.09.11 14:00:39.092,6.98495,6.987,1.00,1.00
2009.09.11 14:00:39.432,6.9847,6.987,1.00,1.00
2009.09.11 14:00:39.772,6.9849,6.9873,1.00,1.00
2009.09.11 14:00:40.502,6.9856,6.988,1.00,1.00
2009.09.11 14:00:41.202,6.9857,6.988,1.00,1.00
2009.09.11 14:00:41.552,6.9859,6.9883,1.00,1.00
2009.09.11 14:00:41.902,6.9857,6.988,1.00,1.00
2009.09.11 14:00:42.292,6.9862,6.9886,1.00,1.00
2009.09.11 14:00:42.631,6.98635,6.9886,1.00,1.00
2009.09.11 14:00:42.992,6.9871,6.989,1.00,1.00
2009.09.11 14:00:43.663,6.9874,6.9894,1.00,3.20
2009.09.11 14:00:44.041,6.9878,6.99,1.00,1.00
2009.09.11 14:00:44.401,6.98825,6.9905,1.00,4.00
2009.09.11 14:00:44.761,6.9884,6.9905,1.20,3.20
2009.09.11 14:00:45.111,6.9884,6.9908,1.20,1.00
2009.09.11 14:00:45.801,6.9884,6.9908,1.00,1.00
2009.09.11 14:00:46.501,6.9884,6.9905,1.00,1.00
2009.09.11 14:00:47.231,6.9884,6.9904,1.00,1.00
2009.09.11 14:00:47.590,6.9884,6.9903,1.00,1.00
2009.09.11 14:00:48.280,6.988,6.99,1.00,1.00
2009.09.11 14:00:49.160,6.9875,6.9896,1.00,1.00
2009.09.11 14:00:49.520,6.98735,6.9893,1.20,1.00
2009.09.11 14:00:50.199,6.98735,6.9893,1.00,1.00
2009.09.11 14:00:50.550,6.98705,6.9893,1.00,1.00
2009.09.11 14:00:50.900,6.98735,6.9893,1.00,1.00
2009.09.11 14:00:52.909,6.98745,6.9896,1.00,1.00
2009.09.11 14:00:53.079,6.98745,6.9896,1.20,1.00
2009.09.11 14:00:53.309,6.9878,6.9896,1.00,1.00
2009.09.11 14:00:53.479,6.9878,6.99,1.00,1.00
2009.09.11 14:00:53.999,6.9878,6.9896,1.20,1.00
2009.09.11 14:00:54.178,6.9878,6.9888,1.00,1.00
2009.09.11 14:00:54.529,6.9873,6.989,1.00,1.00
2009.09.11 14:00:54.918,6.9873,6.9892,1.00,1.00
2009.09.11 14:00:55.258,6.9873,6.9887,1.00,1.00
2009.09.11 14:00:55.658,6.9873,6.989,1.00,1.00
2009.09.11 14:00:56.648,6.9873,6.9894,1.00,1.00
2009.09.11 14:00:57.038,6.9878,6.9897,1.60,1.00
2009.09.11 14:00:57.378,6.988,6.99,1.60,1.00
2009.09.11 14:00:57.708,6.9883,6.9902,1.00,1.00
2009.09.11 14:00:58.058,6.9883,6.9902,1.00,1.00
2009.09.11 14:00:59.198,6.9885,6.9902,1.00,1.00
2009.09.11 14:00:59.558,6.9888,6.9907,1.00,1.70
2009.09.11 14:01:00.267,6.989,6.9909,1.60,1.00
2009.09.11 14:01:00.607,6.9898,6.9912,1.00,1.00
2009.09.11 14:01:01.007,6.9898,6.9917,1.00,1.00
2009.09.11 14:01:01.367,6.99,6.9917,1.00,1.00
2009.09.11 14:01:01.717,6.9904,6.9921,1.00,1.00
2009.09.11 14:01:02.067,6.99095,6.9913,1.00,1.00
2009.09.11 14:01:02.407,6.9911,6.9913,1.00,1.00
2009.09.11 14:01:02.747,6.9913,6.9918,1.00,1.00
2009.09.11 14:01:03.307,6.99195,6.9921,1.00,1.00
2009.09.11 14:01:04.046,6.99245,6.9925,1.00,8.10
2009.09.11 14:01:04.456,6.9923,6.9934,1.00,1.00
2009.09.11 14:01:04.786,6.9928,6.9934,1.00,1.00
2009.09.11 14:01:05.116,6.99285,6.996,1.00,1.00
2009.09.11 14:01:05.416,6.9934,6.9941,3.20,1.00
2009.09.11 14:01:05.776,6.994,6.99415,3.20,1.00
2009.09.11 14:01:06.126,6.99435,6.9964,3.20,1.00
2009.09.11 14:01:06.516,6.9945,6.9964,3.20,1.00
2009.09.11 14:01:06.866,6.9947,6.9964,3.20,1.00
2009.09.11 14:01:07.215,6.9948,6.996,3.20,1.00
2009.09.11 14:01:07.565,6.9952,6.996,3.20,1.00
2009.09.11 14:01:08.255,6.9954,6.996,3.20,1.00
2009.09.11 14:01:08.615,6.99575,6.99755,3.20,1.00
2009.09.11 14:01:09.695,6.99565,6.99735,3.20,1.00
2009.09.11 14:01:10.255,6.9956,6.99735,3.20,1.00
2009.09.11 14:01:10.605,6.9958,6.99735,1.00,1.00
2009.09.11 14:01:10.895,6.996,6.99735,1.00,1.00
2009.09.11 14:01:11.585,6.99645,6.99735,1.00,1.00
2009.09.11 14:01:11.934,6.99655,6.99735,1.00,1.00
2009.09.11 14:01:12.284,6.9959,6.99735,1.00,1.00
2009.09.11 14:01:13.174,6.9963,6.99735,1.00,1.00
2009.09.11 14:01:13.464,6.9958,6.99735,1.00,1.00
2009.09.11 14:01:13.754,6.9951,6.99735,1.20,1.00
2009.09.11 14:01:14.084,6.9952,6.9978,1.00,2.40
2009.09.11 14:01:14.434,6.9952,6.99615,1.00,1.00
2009.09.11 14:01:14.784,6.9941,6.99615,1.00,1.00
2009.09.11 14:01:15.134,6.99415,6.99615,3.20,1.00
2009.09.11 14:01:15.474,6.9947,6.99575,1.00,1.00
2009.09.11 14:01:15.864,6.99535,6.99565,1.00,1.00
2009.09.11 14:01:16.203,6.99465,6.99565,1.00,1.00
2009.09.11 14:01:16.554,6.99435,6.99565,1.00,1.00
2009.09.11 14:01:17.253,6.99435,6.99565,1.00,1.00
2009.09.11 14:01:17.603,6.9936,6.99565,3.20,1.00
2009.09.11 14:01:17.943,6.99335,6.99565,3.20,1.00
2009.09.11 14:01:18.633,6.9929,6.99565,3.20,1.00
2009.09.11 14:01:19.363,6.99295,6.99565,3.20,1.00
2009.09.11 14:01:19.693,6.9929,6.99565,3.20,1.00
2009.09.11 14:01:20.722,6.9929,6.99555,3.20,1.00
2009.09.11 14:01:21.072,6.9929,6.99555,3.20,1.20
2009.09.11 14:01:21.412,6.9929,6.99555,3.20,1.00
2009.09.11 14:01:22.002,6.9929,6.99565,3.20,1.00
2009.09.11 14:01:22.353,6.99315,6.99565,3.20,1.00
2009.09.11 14:01:22.692,6.99325,6.99565,3.20,1.00
2009.09.11 14:01:22.922,6.99315,6.99565,3.20,1.00
2009.09.11 14:01:23.562,6.993,6.99565,3.20,1.00
2009.09.11 14:01:25.061,6.9929,6.99565,3.20,1.00
2009.09.11 14:01:25.761,6.9928,6.99565,3.20,1.00
2009.09.11 14:01:26.161,6.99255,6.99565,3.20,1.00
2009.09.11 14:01:26.831,6.99265,6.99565,3.20,1.00
2009.09.11 14:01:27.161,6.9926,6.99565,3.20,1.00
2009.09.11 14:01:27.791,6.9925,6.99565,1.20,1.00
2009.09.11 14:01:28.680,6.99275,6.99565,3.20,1.00
2009.09.11 14:01:29.150,6.9925,6.99565,1.20,1.00
2009.09.11 14:01:41.117,6.9925,6.9956,1.20,2.40
2009.09.11 14:01:41.767,6.9925,6.9956,1.20,5.60
2009.09.11 14:01:42.737,6.9925,6.99495,1.20,1.00
2009.09.11 14:01:43.087,6.9925,6.99495,1.20,1.20
2009.09.11 14:01:43.597,6.9925,6.99495,1.20,1.00
2009.09.11 14:01:43.947,6.9925,6.9956,1.20,5.60
2009.09.11 14:01:45.606,6.9925,6.9951,1.20,2.40
2009.09.11 14:01:46.116,6.9925,6.9945,1.20,1.00
2009.09.11 14:01:46.456,6.9925,6.99515,1.20,3.20
2009.09.11 14:01:47.136,6.9925,6.99525,1.20,3.20
2009.09.11 14:01:47.496,6.9925,6.9953,1.20,2.40
2009.09.11 14:01:47.896,6.9925,6.995,1.20,1.00
2009.09.11 14:01:48.246,6.9925,6.9953,1.20,1.00
2009.09.11 14:01:48.576,6.9925,6.99565,1.20,1.00
2009.09.11 14:01:48.975,6.9925,6.9953,1.20,2.40
2009.09.11 14:01:50.015,6.9925,6.9955,1.20,3.20
2009.09.11 14:01:50.995,6.9925,6.99565,1.20,1.00
2009.09.11 14:01:51.975,6.9935,6.99565,3.20,1.00
2009.09.11 14:01:52.315,6.99295,6.99565,3.20,1.00
2009.09.11 14:01:52.995,6.9925,6.99565,4.40,1.00
2009.09.11 14:01:53.354,6.9925,6.99565,1.20,1.00
2009.09.11 14:01:55.314,6.99275,6.99565,3.20,1.00
2009.09.11 14:01:55.534,6.9927,6.99565,3.20,1.00
2009.09.11 14:01:56.624,6.9925,6.99565,1.20,1.00
2009.09.11 14:01:57.213,6.9927,6.99565,3.20,1.00
2009.09.11 14:01:58.063,6.99255,6.99565,3.20,1.00
2009.09.11 14:01:58.633,6.9931,6.99565,3.20,1.00
2009.09.11 14:01:59.143,6.9931,6.9947,3.20,1.00
2009.09.11 14:01:59.493,6.9925,6.9947,1.00,1.00
2009.09.11 14:01:59.833,6.9925,6.9941,1.00,1.00
2009.09.11 14:02:00.183,6.9925,6.9945,1.00,1.00
2009.09.11 14:02:00.933,6.9925,6.9944,1.00,1.00
2009.09.11 14:02:01.582,6.9925,6.9939,1.00,1.00
2009.09.11 14:02:01.982,6.9925,6.9942,1.00,1.00
2009.09.11 14:02:02.892,6.9925,6.9944,1.00,1.00
2009.09.11 14:02:04.302,6.9925,6.9946,1.00,1.00
2009.09.11 14:02:04.662,6.99335,6.9958,1.00,2.40
2009.09.11 14:02:05.002,6.99375,6.99585,1.00,1.00
2009.09.11 14:02:05.722,6.9948,6.99565,1.00,1.00
2009.09.11 14:02:06.061,6.99415,6.99565,1.00,1.00
2009.09.11 14:02:06.461,6.9938,6.99565,1.00,1.00
2009.09.11 14:02:06.791,6.9947,6.99565,1.00,1.00
2009.09.11 14:02:07.131,6.99395,6.99565,1.00,1.00
2009.09.11 14:02:07.821,6.9958,6.99585,1.00,1.00
2009.09.11 14:02:08.191,6.9962,6.9968,1.00,1.00
2009.09.11 14:02:08.541,6.9962,6.99705,1.00,1.00
2009.09.11 14:02:08.891,6.99665,6.99745,1.00,1.00
2009.09.11 14:02:09.641,6.9963,6.99725,1.20,1.00
2009.09.11 14:02:09.990,6.9967,6.99725,1.00,1.00
2009.09.11 14:02:10.340,6.997,6.99725,1.00,1.00
2009.09.11 14:02:12.760,6.9956,6.99725,3.20,1.00
2009.09.11 14:02:13.569,6.9971,6.99825,1.00,1.00
2009.09.11 14:02:14.719,6.99755,6.99805,1.00,1.00
2009.09.11 14:02:15.069,6.99755,6.99805,1.00,1.00
2009.09.11 14:02:15.429,6.9973,6.99805,1.00,1.00
2009.09.11 14:02:15.759,6.9982,6.99825,1.00,1.00
2009.09.11 14:02:16.099,6.9982,6.99845,1.20,1.00
2009.09.11 14:02:16.459,6.99855,6.9991,1.00,1.00
2009.09.11 14:02:17.138,6.99865,6.9991,1.00,1.00
2009.09.11 14:02:17.709,6.9988,6.9991,1.00,1.00
2009.09.11 14:02:18.470,6.9988,6.9994,1.20,1.00
2009.09.11 14:02:18.808,6.9995,6.99995,1.00,1.00
2009.09.11 14:02:19.378,6.9993,6.99995,1.00,1.00
2009.09.11 14:02:19.548,6.999,7.001,1.00,2.40
2009.09.11 14:02:19.788,6.9987,6.9998,1.00,1.00
2009.09.11 14:02:19.958,6.9987,7.0011,1.00,1.00
2009.09.11 14:02:20.188,6.9987,7.0,1.60,1.00
2009.09.11 14:02:20.348,6.9987,6.99995,1.60,1.00
2009.09.11 14:02:20.748,6.9995,7.00005,1.00,1.00
2009.09.11 14:02:21.088,6.9998,7.00015,1.00,1.00
2009.09.11 14:02:21.448,6.9997,6.99995,1.00,1.00
2009.09.11 14:02:21.788,6.9982,6.99985,1.00,1.00
2009.09.11 14:02:22.127,6.9977,7.00085,1.00,1.00
2009.09.11 14:02:22.537,6.9963,6.9994,1.00,1.00
2009.09.11 14:02:24.197,6.9965,6.9999,1.00,1.00
2009.09.11 14:02:25.887,6.9965,6.9999,1.20,1.00
2009.09.11 14:02:26.237,6.9965,6.99975,1.20,3.20
2009.09.11 14:02:26.926,6.9965,6.9999,1.20,1.00
2009.09.11 14:02:30.176,6.9965,6.99965,1.20,3.20
2009.09.11 14:02:31.315,6.9965,6.9997,1.20,3.20
2009.09.11 14:02:32.305,6.9965,6.99945,1.20,3.20
2009.09.11 14:02:32.645,6.9965,6.9992,1.20,3.20
2009.09.11 14:02:33.565,6.9965,6.9991,1.20,3.20
2009.09.11 14:02:33.905,6.9965,6.999,1.20,3.20
2009.09.11 14:02:34.314,6.9965,6.99895,1.20,3.20
2009.09.11 14:02:37.194,6.9965,6.9989,1.20,3.20
2009.09.11 14:02:38.933,6.9965,6.999,1.20,3.20
2009.09.11 14:02:39.224,6.9965,6.99905,1.20,3.20
2009.09.11 14:02:41.203,6.9965,6.9977,1.20,1.00
2009.09.11 14:02:42.652,6.9965,6.9974,1.20,1.00
2009.09.11 14:02:43.092,6.9965,6.9967,1.20,1.00
2009.09.11 14:02:43.272,6.9965,6.9967,1.00,1.00
2009.09.11 14:02:43.443,6.9965,6.997,1.00,1.00
2009.09.11 14:02:44.482,6.9965,6.9969,1.00,1.00
2009.09.11 14:02:45.792,6.9965,6.9969,1.00,1.00
2009.09.11 14:02:46.842,6.9965,6.9971,1.00,1.00
2009.09.11 14:02:51.680,6.9965,6.9973,1.00,4.00
2009.09.11 14:02:52.380,6.9965,6.9973,1.00,1.00
2009.09.11 14:02:58.469,6.9965,6.9976,1.00,1.00
2009.09.11 14:02:59.828,6.9965,6.9978,1.00,4.00
2009.09.11 14:03:00.228,6.9965,6.9978,1.00,1.00
2009.09.11 14:03:01.278,6.9965,6.9978,1.00,1.00
2009.09.11 14:03:02.318,6.9965,6.9976,1.00,1.00
2009.09.11 14:03:03.068,6.9965,6.9981,1.00,1.00
2009.09.11 14:03:05.587,6.9965,6.99825,1.00,3.20
2009.09.11 14:03:06.087,6.9965,6.9983,1.00,3.20
2009.09.11 14:03:07.137,6.9965,6.9993,1.00,1.00
2009.09.11 14:03:08.286,6.9965,6.9992,1.00,3.20
2009.09.11 14:03:08.576,6.9965,6.99955,1.00,3.20
2009.09.11 14:03:09.186,6.99695,6.9996,1.00,4.00
2009.09.11 14:03:09.526,6.99695,6.9996,1.20,4.00
2009.09.11 14:03:09.896,6.99695,6.9996,1.00,4.00
2009.09.11 14:03:10.256,6.99715,6.9996,1.00,3.20
2009.09.11 14:03:10.906,6.99715,6.9996,1.20,3.20
2009.09.11 14:03:11.286,6.9977,6.9999,1.00,1.00
2009.09.11 14:03:11.646,6.99875,6.9999,1.00,1.00
2009.09.11 14:03:11.986,6.99875,7.00055,1.00,3.20
2009.09.11 14:03:12.325,6.99935,6.9998,1.00,1.00
2009.09.11 14:03:13.185,6.99965,7.00045,1.00,1.00
2009.09.11 14:03:13.355,6.9997,7.00045,1.00,1.00
2009.09.11 14:03:13.745,6.9997,7.00045,1.00,1.00
2009.09.11 14:03:13.905,6.9991,7.003,1.60,3.20
2009.09.11 14:03:14.135,6.99985,7.0016,1.00,1.00
2009.09.11 14:03:14.465,7.0002,7.0016,1.00,1.00
2009.09.11 14:03:14.815,7.00095,7.0016,1.00,1.00
2009.09.11 14:03:15.175,7.00095,7.0014,1.00,1.00
2009.09.11 14:03:15.585,7.0016,7.00165,1.00,1.00
2009.09.11 14:03:15.925,7.00145,7.00165,1.00,1.00
2009.09.11 14:03:16.625,7.002,7.00205,1.00,3.10
2009.09.11 14:03:16.984,7.0033,7.00395,1.00,1.00
2009.09.11 14:03:17.364,7.00335,7.00395,1.20,1.00
2009.09.11 14:03:17.604,7.00385,7.00675,1.00,3.20
2009.09.11 14:03:18.214,7.00405,7.00675,1.20,3.20
2009.09.11 14:03:18.554,7.0048,7.00725,1.00,3.20
2009.09.11 14:03:18.904,7.00525,7.00685,1.00,3.20
2009.09.11 14:03:19.314,7.00525,7.008,1.00,3.20
2009.09.11 14:03:19.664,7.0061,7.0084,1.00,1.00
2009.09.11 14:03:20.024,7.0056,7.0087,1.00,1.00
2009.09.11 14:03:20.354,7.0058,7.0083,1.00,1.00
2009.09.11 14:03:21.173,7.0066,7.00945,1.00,3.20
2009.09.11 14:03:21.513,7.00515,7.00985,1.00,3.20
2009.09.11 14:03:21.853,7.0056,7.01025,3.20,3.20
2009.09.11 14:03:22.193,7.00565,7.01005,1.20,3.20
2009.09.11 14:03:22.553,7.00605,7.01005,1.00,3.20
2009.09.11 14:03:23.243,7.00585,7.00935,1.00,3.20
2009.09.11 14:03:23.592,7.00585,7.00935,1.00,3.20
2009.09.11 14:03:23.982,7.00565,7.00935,1.20,3.20
2009.09.11 14:03:24.323,7.00565,7.0078,1.00,1.00
2009.09.11 14:03:24.672,7.0046,7.0078,1.00,1.00
2009.09.11 14:03:25.023,7.0045,7.008,1.00,1.00
2009.09.11 14:03:25.702,7.0056,7.0076,1.00,3.20
2009.09.11 14:03:26.052,7.0056,7.0086,1.00,1.00
2009.09.11 14:03:26.393,7.0042,7.0079,1.00,1.00
2009.09.11 14:03:26.713,7.0046,7.0076,1.00,1.00
2009.09.11 14:03:27.062,7.0041,7.0069,1.00,1.00
2009.09.11 14:03:27.442,7.0046,7.0072,1.00,1.00
2009.09.11 14:03:27.782,7.0043,7.0069,1.00,1.00
2009.09.11 14:03:28.591,7.0043,7.0065,1.00,1.00
2009.09.11 14:03:28.881,7.0043,7.0067,1.00,1.00
2009.09.11 14:03:29.231,7.0043,7.0065,1.00,1.00
2009.09.11 14:03:29.581,7.0043,7.0067,1.00,1.00
2009.09.11 14:03:30.101,7.0043,7.0065,1.00,1.00
2009.09.11 14:03:30.441,7.0047,7.0066,1.00,1.00
2009.09.11 14:03:30.791,7.00515,7.0069,1.00,1.00
2009.09.11 14:03:31.431,7.00515,7.0069,1.20,1.00
2009.09.11 14:03:31.771,7.0054,7.0068,1.00,1.00
2009.09.11 14:03:32.121,7.00555,7.0075,1.00,1.00
2009.09.11 14:03:32.470,7.00555,7.007,1.00,1.00
2009.09.11 14:03:33.171,7.0053,7.007,1.00,1.00
2009.09.11 14:03:33.570,7.00555,7.007,1.00,1.00
2009.09.11 14:03:33.900,7.0052,7.007,1.00,1.00
2009.09.11 14:03:34.250,7.00565,7.0075,1.00,1.00
2009.09.11 14:03:34.600,7.00565,7.0075,1.20,1.00
2009.09.11 14:03:35.350,7.00565,7.0077,1.20,1.00
2009.09.11 14:03:35.760,7.00565,7.0073,1.20,1.00
2009.09.11 14:03:36.050,7.0061,7.0075,1.00,1.00
2009.09.11 14:03:36.400,7.00615,7.0077,1.00,1.00
2009.09.11 14:03:36.799,7.00705,7.00925,1.00,3.20
2009.09.11 14:03:37.139,7.0065,7.0105,1.20,3.20
2009.09.11 14:03:37.470,7.00635,7.0105,3.20,1.00
2009.09.11 14:03:37.759,7.00705,7.01165,3.20,1.60
2009.09.11 14:03:38.399,7.00705,7.0114,3.20,1.00
2009.09.11 14:03:38.689,7.00705,7.01135,3.20,1.60
2009.09.11 14:03:39.609,7.0074,7.01115,1.00,1.60
2009.09.11 14:03:39.959,7.0077,7.0108,1.20,3.20
2009.09.11 14:03:40.239,7.0073,7.0111,1.20,1.60
2009.09.11 14:03:40.579,7.0073,7.0109,1.20,3.20
2009.09.11 14:03:40.908,7.00785,7.01105,1.00,3.20
2009.09.11 14:03:41.288,7.0077,7.01105,1.00,3.20
2009.09.11 14:03:41.628,7.0076,7.01105,1.00,3.20
2009.09.11 14:03:41.958,7.00765,7.0118,3.20,3.20
2009.09.11 14:03:42.308,7.0078,7.0119,1.00,3.20
2009.09.11 14:03:43.008,7.008,7.01215,3.20,3.20
2009.09.11 14:03:43.708,7.0081,7.01225,3.20,3.20
2009.09.11 14:03:44.387,7.0083,7.01225,1.00,3.20
2009.09.11 14:03:44.778,7.00865,7.0128,3.20,3.20
2009.09.11 14:03:45.757,7.0088,7.01285,1.00,3.20
2009.09.11 14:03:46.607,7.0091,7.01325,3.20,3.20
2009.09.11 14:03:47.347,7.0092,7.01335,3.20,3.20
2009.09.11 14:03:47.687,7.0095,7.01335,1.00,3.20
2009.09.11 14:03:48.037,7.0096,7.01375,3.20,3.20
2009.09.11 14:03:48.387,7.0092,7.0115,1.00,1.00
2009.09.11 14:03:49.366,7.009,7.0113,1.00,1.00
2009.09.11 14:03:49.716,7.0091,7.0109,1.00,1.00
2009.09.11 14:03:50.056,7.0094,7.0114,1.00,1.00
2009.09.11 14:03:50.436,7.0098,7.0117,1.00,1.00
2009.09.11 14:03:50.786,7.0096,7.0118,1.00,1.00
2009.09.11 14:03:51.186,7.0092,7.0113,1.20,1.00
2009.09.11 14:03:51.536,7.0093,7.0112,1.00,1.00
2009.09.11 14:03:51.876,7.0116,7.01245,1.00,1.60
2009.09.11 14:03:52.226,7.0116,7.0146,1.00,1.00
2009.09.11 14:03:52.616,7.01175,7.0151,1.00,1.00
2009.09.11 14:03:52.966,7.0122,7.0148,1.00,1.00
2009.09.11 14:03:53.656,7.0126,7.0151,1.00,1.00
2009.09.11 14:03:54.006,7.0121,7.0132,1.00,1.00
2009.09.11 14:03:54.345,7.0124,7.0133,1.00,1.00
2009.09.11 14:03:54.525,7.0124,7.0138,1.00,1.00
2009.09.11 14:03:54.865,7.0124,7.0153,1.00,1.00
2009.09.11 14:03:55.205,7.0126,7.0151,1.00,1.00
2009.09.11 14:03:55.785,7.0126,7.0145,1.00,1.00
2009.09.11 14:03:56.135,7.0121,7.0147,1.00,1.00
2009.09.11 14:03:56.475,7.0126,7.0151,1.00,1.00
2009.09.11 14:03:58.734,7.01285,7.0149,1.00,1.00
2009.09.11 14:03:59.014,7.0124,7.0149,1.00,1.00
2009.09.11 14:03:59.304,7.0124,7.0147,1.00,1.00
2009.09.11 14:03:59.634,7.0122,7.0147,1.00,1.00
2009.09.11 14:04:00.214,7.0124,7.0147,1.00,1.00
2009.09.11 14:04:00.844,7.0124,7.0147,1.00,1.00
2009.09.11 14:04:01.184,7.0122,7.0147,1.00,1.00
2009.09.11 14:04:01.864,7.01245,7.0147,1.20,1.00
2009.09.11 14:04:02.334,7.01245,7.0147,1.00,1.00
2009.09.11 14:04:02.723,7.0122,7.0147,2.00,1.00
2009.09.11 14:04:04.093,7.0123,7.0149,1.00,1.00
2009.09.11 14:04:04.783,7.0122,7.0147,1.00,1.00
2009.09.11 14:04:05.133,7.0122,7.0142,1.00,1.00
2009.09.11 14:04:06.213,7.0122,7.0142,1.00,1.00
2009.09.11 14:04:06.552,7.0122,7.014,1.00,1.00
2009.09.11 14:04:07.602,7.0122,7.0142,1.00,1.00
2009.09.11 14:04:07.952,7.0122,7.0137,1.00,1.00
2009.09.11 14:04:08.362,7.0122,7.0142,1.00,1.00
2009.09.11 14:04:10.552,7.0122,7.0137,1.00,1.00
2009.09.11 14:04:12.971,7.0122,7.0133,1.00,1.00
2009.09.11 14:04:13.331,7.0122,7.0127,1.00,1.00
2009.09.11 14:04:13.961,7.0122,7.0129,1.00,1.00
2009.09.11 14:04:14.291,7.0122,7.0134,1.00,1.00
2009.09.11 14:04:15.320,7.0122,7.0127,1.00,1.00
2009.09.11 14:04:16.410,7.0122,7.0127,1.00,1.00
2009.09.11 14:04:17.110,7.0122,7.0125,1.00,1.00
2009.09.11 14:04:17.800,7.0121,7.0122,1.10,1.00
2009.09.11 14:04:19.369,7.0122,7.01255,1.00,4.80
2009.09.11 14:04:19.709,7.0089,7.0115,1.40,1.00
2009.09.11 14:04:20.049,7.0122,7.01235,1.00,4.80
2009.09.11 14:04:20.389,7.0122,7.01255,1.00,3.20
2009.09.11 14:04:20.779,7.008,7.0112,1.60,1.00
2009.09.11 14:04:21.119,7.0087,7.01185,1.00,3.20
2009.09.11 14:04:21.449,7.0083,7.0115,1.00,1.00
2009.09.11 14:04:21.789,7.0086,7.0113,1.00,1.00
2009.09.11 14:04:22.538,7.0089,7.0115,1.00,1.00
2009.09.11 14:04:22.888,7.0091,7.0118,1.00,1.00
2009.09.11 14:04:23.248,7.00915,7.0115,1.00,1.00
2009.09.11 14:04:24.278,7.0094,7.0118,1.00,1.00
2009.09.11 14:04:24.628,7.0094,7.0118,1.20,1.00
2009.09.11 14:04:24.978,7.0094,7.0115,1.00,1.00
2009.09.11 14:04:25.318,7.0084,7.011,1.00,1.00
2009.09.11 14:04:25.668,7.00845,7.011,1.00,1.00
2009.09.11 14:04:26.068,7.0082,7.011,1.00,1.00
2009.09.11 14:04:26.768,7.0084,7.011,1.00,1.00
2009.09.11 14:04:27.107,7.0084,7.011,1.20,1.00
2009.09.11 14:04:27.867,7.0086,7.0113,1.00,1.00
2009.09.11 14:04:28.207,7.0082,7.0108,1.00,1.00
2009.09.11 14:04:28.547,7.0081,7.0108,1.00,1.00
2009.09.11 14:04:30.217,7.00795,7.01035,1.00,1.00
2009.09.11 14:04:30.506,7.00785,7.01035,1.00,1.00
2009.09.11 14:04:30.786,7.00765,7.01035,1.00,1.00
2009.09.11 14:04:31.126,7.0075,7.01015,1.00,1.00
2009.09.11 14:04:31.516,7.00815,7.01035,1.00,1.00
2009.09.11 14:04:32.216,7.00795,7.01015,1.00,1.00
2009.09.11 14:04:32.556,7.00795,7.00985,1.00,1.00
2009.09.11 14:04:33.656,7.00795,7.0098,1.00,1.00
2009.09.11 14:04:34.016,7.00765,7.0098,1.00,1.00
2009.09.11 14:04:34.366,7.00765,7.0098,1.00,1.00
2009.09.11 14:04:34.706,7.00765,7.0098,1.20,1.00
2009.09.11 14:04:35.505,7.00765,7.0097,1.20,1.00
2009.09.11 14:04:35.675,7.00765,7.0096,1.20,1.00
2009.09.11 14:04:35.785,7.00765,7.0096,1.00,1.00
2009.09.11 14:04:35.965,7.00765,7.0093,1.00,1.00
2009.09.11 14:04:36.126,7.00725,7.0093,1.00,1.00
2009.09.11 14:04:36.305,7.0069,7.0093,1.00,1.00
2009.09.11 14:04:36.655,7.00725,7.0096,1.20,1.00
2009.09.11 14:04:37.355,7.0071,7.0096,1.00,1.00
2009.09.11 14:04:37.705,7.0073,7.0098,1.00,1.00
2009.09.11 14:04:38.055,7.00725,7.0096,1.00,1.00
2009.09.11 14:04:38.795,7.00725,7.0093,1.00,1.00
2009.09.11 14:04:39.544,7.00725,7.0096,1.00,1.00
2009.09.11 14:04:39.895,7.00705,7.0091,1.20,1.00
2009.09.11 14:04:40.244,7.00705,7.0088,1.00,1.00
2009.09.11 14:04:40.534,7.00655,7.0088,1.20,1.00
2009.09.11 14:04:41.224,7.00655,7.0086,1.20,1.00
2009.09.11 14:04:42.834,7.00655,7.0088,1.20,1.00
2009.09.11 14:04:43.054,7.00655,7.0086,1.00,1.00
2009.09.11 14:04:43.224,7.0061,7.0086,1.00,1.00
2009.09.11 14:04:43.463,7.0061,7.0084,1.00,1.00
2009.09.11 14:04:43.853,7.0063,7.0086,1.00,1.00
2009.09.11 14:04:44.253,7.0061,7.0084,1.00,1.00
2009.09.11 14:04:44.993,7.0061,7.0084,1.00,1.20
2009.09.11 14:04:45.333,7.0061,7.00835,1.00,1.00
2009.09.11 14:04:45.493,7.0063,7.00835,1.00,1.00
2009.09.11 14:04:45.673,7.0063,7.00835,1.00,1.00
2009.09.11 14:04:45.853,7.0061,7.00835,1.00,1.00
2009.09.11 14:04:46.023,7.0058,7.0084,1.00,1.00
2009.09.11 14:04:46.373,7.0061,7.0084,1.00,1.00
2009.09.11 14:04:46.723,7.0061,7.0084,1.00,1.20
2009.09.11 14:04:47.672,7.0061,7.0084,1.00,1.00
2009.09.11 14:04:48.582,7.0063,7.0086,1.00,1.00
2009.09.11 14:04:49.002,7.0063,7.0086,1.00,1.20
2009.09.11 14:04:50.372,7.0061,7.0084,1.00,1.00
2009.09.11 14:04:50.652,7.0058,7.00815,1.00,1.00
2009.09.11 14:04:51.162,7.0058,7.00815,1.00,1.20
2009.09.11 14:04:51.452,7.0058,7.00815,1.00,1.00
2009.09.11 14:04:51.781,7.0058,7.0083,1.00,1.00
2009.09.11 14:04:52.182,7.0053,7.0079,1.00,1.00
2009.09.11 14:04:54.331,7.005,7.0076,1.00,1.00
2009.09.11 14:04:54.731,7.0051,7.0076,1.00,1.00
2009.09.11 14:04:56.350,7.0053,7.0079,1.00,1.00
2009.09.11 14:04:56.650,7.0053,7.00725,1.00,1.00
2009.09.11 14:04:56.950,7.0053,7.00745,1.00,1.00
2009.09.11 14:04:57.640,7.0056,7.008,1.00,1.00
2009.09.11 14:04:58.020,7.0058,7.0084,1.00,1.00
2009.09.11 14:04:59.380,7.0057,7.0077,1.00,1.00
2009.09.11 14:05:01.559,7.006,7.0079,1.00,1.00
2009.09.11 14:05:02.949,7.0057,7.0077,1.00,1.00
2009.09.11 14:05:03.289,7.006,7.0079,1.00,1.00
2009.09.11 14:05:04.668,7.0062,7.0082,1.00,1.00
2009.09.11 14:05:06.768,7.0065,7.0084,1.00,1.00
2009.09.11 14:05:08.837,7.0062,7.0082,1.00,1.00
2009.09.11 14:05:09.187,7.0066,7.0085,1.00,1.00
2009.09.11 14:05:09.487,7.0066,7.0082,1.00,1.00
2009.09.11 14:05:09.827,7.0066,7.0082,1.00,1.00
2009.09.11 14:05:10.177,7.0066,7.0082,1.20,1.00
2009.09.11 14:05:11.967,7.0066,7.0085,1.20,1.00
2009.09.11 14:05:12.287,7.0066,7.0085,1.00,1.00
2009.09.11 14:05:12.577,7.0066,7.0084,1.20,1.00
2009.09.11 14:05:13.197,7.0066,7.0082,1.20,1.00
2009.09.11 14:05:13.886,7.0066,7.0085,1.20,1.00
2009.09.11 14:05:14.236,7.0066,7.0084,1.20,1.00
2009.09.11 14:05:14.986,7.0066,7.0082,1.20,1.00
2009.09.11 14:05:15.316,7.0061,7.0082,1.20,1.00
2009.09.11 14:05:15.656,7.0061,7.0079,1.20,1.00
2009.09.11 14:05:16.046,7.0061,7.0077,1.20,1.00
2009.09.11 14:05:16.396,7.0061,7.0079,1.20,1.00
2009.09.11 14:05:17.295,7.0062,7.0081,1.00,1.00
2009.09.11 14:05:19.085,7.00605,7.0079,1.00,1.00
2009.09.11 14:05:19.425,7.00605,7.0079,1.00,1.00
2009.09.11 14:05:19.775,7.00605,7.0079,1.20,1.00
2009.09.11 14:05:20.175,7.00605,7.0081,1.00,1.00
2009.09.11 14:05:20.515,7.006,7.0079,1.00,1.00
2009.09.11 14:05:20.845,7.0059,7.0079,1.00,1.00
2009.09.11 14:05:23.134,7.006,7.0079,1.00,1.00
2009.09.11 14:05:23.584,7.0059,7.0079,1.00,1.00
2009.09.11 14:05:24.443,7.0053,7.0072,1.00,1.00
2009.09.11 14:05:24.663,7.0057,7.0077,1.00,1.00
2009.09.11 14:05:25.054,7.0063,7.0084,1.00,1.60
2009.09.11 14:05:25.394,7.0065,7.0084,1.00,1.00
2009.09.11 14:05:26.073,7.0067,7.0086,1.00,1.00
2009.09.11 14:05:26.433,7.0067,7.0086,1.00,1.00
2009.09.11 14:05:26.783,7.0065,7.0084,1.00,1.00
2009.09.11 14:05:27.533,7.0067,7.0086,1.00,1.00
2009.09.11 14:05:27.883,7.0062,7.0082,1.00,1.00
2009.09.11 14:05:28.233,7.0065,7.0084,1.00,1.00
2009.09.11 14:05:29.473,7.0062,7.0082,1.00,1.00
2009.09.11 14:05:30.162,7.006,7.0079,1.60,1.00
2009.09.11 14:05:30.392,7.0062,7.0082,1.00,1.00
2009.09.11 14:05:30.782,7.0063,7.0082,1.00,1.00
2009.09.11 14:05:36.581,7.0076,7.0097,1.00,2.40
2009.09.11 14:05:36.811,7.0075,7.0101,1.00,1.00
2009.09.11 14:05:37.170,7.0073,7.0098,1.00,1.00
2009.09.11 14:05:37.871,7.0079,7.0099,1.00,3.20
2009.09.11 14:05:38.250,7.0077,7.0096,1.00,1.00
2009.09.11 14:05:38.960,7.0075,7.0094,1.00,1.00
2009.09.11 14:05:39.290,7.0077,7.0096,1.00,1.00
2009.09.11 14:05:39.990,7.0077,7.0096,1.00,1.00
2009.09.11 14:05:40.740,7.0079,7.0097,1.00,1.00
2009.09.11 14:05:41.090,7.0079,7.0097,1.20,1.00
2009.09.11 14:05:41.430,7.0079,7.0093,1.20,1.00
2009.09.11 14:05:41.770,7.0077,7.0096,1.00,1.00
2009.09.11 14:05:42.789,7.0082,7.0096,1.00,1.00
2009.09.11 14:05:43.180,7.0079,7.0097,1.00,1.00
2009.09.11 14:05:43.689,7.0077,7.0094,1.00,1.00
2009.09.11 14:05:43.859,7.0077,7.0093,1.00,1.00
2009.09.11 14:05:44.859,7.0077,7.0089,1.00,1.00
2009.09.11 14:05:45.219,7.0072,7.0088,1.00,1.00
2009.09.11 14:05:45.919,7.007,7.0089,1.00,1.00
2009.09.11 14:05:46.189,7.0056,7.0084,1.00,1.00
2009.09.11 14:05:46.428,7.0054,7.0081,1.00,1.00
2009.09.11 14:05:46.778,7.0056,7.0084,1.00,1.00
2009.09.11 14:05:50.228,7.0071,7.00905,1.00,1.00
2009.09.11 14:05:50.587,7.0071,7.0094,1.00,1.00
2009.09.11 14:05:51.557,7.0075,7.0094,1.00,1.00
2009.09.11 14:05:51.837,7.0072,7.0092,1.00,1.00
2009.09.11 14:05:52.767,7.0075,7.0093,1.00,1.00
2009.09.11 14:05:53.826,7.0078,7.0094,1.00,1.00
2009.09.11 14:05:54.207,7.0081,7.0094,1.00,1.00
2009.09.11 14:05:54.557,7.00885,7.0093,1.00,1.00
2009.09.11 14:05:54.906,7.00995,7.0154,3.20,3.20
2009.09.11 14:05:55.256,7.01015,7.01565,3.20,3.20
2009.09.11 14:05:55.976,7.0105,7.0148,3.20,3.20
2009.09.11 14:05:56.646,7.0106,7.01485,3.20,3.20
2009.09.11 14:05:57.456,7.01065,7.0149,3.20,3.20
2009.09.11 14:05:57.816,7.011,7.01505,1.00,3.20
2009.09.11 14:05:58.166,7.0113,7.01545,3.20,3.20
2009.09.11 14:05:58.845,7.0113,7.0154,3.20,2.40
2009.09.11 14:05:59.195,7.01145,7.0154,3.60,2.40
2009.09.11 14:05:59.535,7.01165,7.0156,1.00,3.20
2009.09.11 14:05:59.885,7.0119,7.016,3.20,3.20
2009.09.11 14:06:00.775,7.0118,7.01595,3.20,3.20
2009.09.11 14:06:01.055,7.01205,7.01595,1.00,3.20
2009.09.11 14:06:01.735,7.01205,7.01595,1.20,3.20
2009.09.11 14:06:02.125,7.0118,7.01595,3.20,3.20
2009.09.11 14:06:02.695,7.01245,7.01625,1.00,3.20
2009.09.11 14:06:03.325,7.01205,7.0162,1.00,3.20
2009.09.11 14:06:03.904,7.01225,7.01615,1.00,3.20
2009.09.11 14:06:05.294,7.01225,7.0163,1.00,3.20
2009.09.11 14:06:05.644,7.01285,7.0163,1.00,3.20
2009.09.11 14:06:06.024,7.01285,7.0169,1.00,3.20
2009.09.11 14:06:07.144,7.013,7.0173,3.20,3.20
2009.09.11 14:06:07.493,7.0134,7.017,1.00,3.20
2009.09.11 14:06:08.113,7.0134,7.01755,1.00,3.20
2009.09.11 14:06:08.733,7.01345,7.0176,3.20,3.20
2009.09.11 14:06:09.093,7.014,7.01785,1.00,3.20
2009.09.11 14:06:09.473,7.01425,7.0181,1.00,3.20
2009.09.11 14:06:09.823,7.01425,7.0181,1.20,3.20
2009.09.11 14:06:10.162,7.0148,7.0188,1.20,3.20
2009.09.11 14:06:10.502,7.0148,7.0188,1.00,3.20
2009.09.11 14:06:10.852,7.0146,7.0187,3.20,3.20
2009.09.11 14:06:11.192,7.0147,7.0188,3.20,3.20
2009.09.11 14:06:12.152,7.0155,7.02005,3.20,3.20
2009.09.11 14:06:12.832,7.01565,7.02015,3.20,3.20
2009.09.11 14:06:13.182,7.01645,7.021,3.20,3.20
2009.09.11 14:06:13.572,7.0171,7.02155,3.20,3.20
2009.09.11 14:06:14.951,7.01735,7.02165,3.20,3.20
2009.09.11 14:06:15.191,7.0178,7.02205,3.20,3.20
2009.09.11 14:06:16.461,7.01805,7.0223,3.20,3.20
2009.09.11 14:06:16.811,7.018,7.02215,3.20,1.00
2009.09.11 14:06:17.201,7.01805,7.0223,3.20,3.20
2009.09.11 14:06:17.491,7.01805,7.02215,3.20,1.00
2009.09.11 14:06:17.891,7.0174,7.0217,3.20,3.20
2009.09.11 14:06:18.231,7.01785,7.02205,3.20,1.20
2009.09.11 14:06:18.571,7.01775,7.0219,3.20,3.20
2009.09.11 14:06:18.980,7.0171,7.02125,3.20,3.20
2009.09.11 14:06:19.670,7.0184,7.02275,3.20,1.00
2009.09.11 14:06:20.020,7.0186,7.02295,1.00,3.20
2009.09.11 14:06:20.370,7.0191,7.02335,3.20,1.00
2009.09.11 14:06:20.720,7.0193,7.0231,3.20,2.40
2009.09.11 14:06:21.250,7.0193,7.02265,3.20,1.00
2009.09.11 14:06:21.580,7.0189,7.02195,3.20,1.00
2009.09.11 14:06:21.920,7.0187,7.02195,3.20,1.00
2009.09.11 14:06:22.600,7.0186,7.02195,1.00,1.00
2009.09.11 14:06:22.890,7.0186,7.0214,1.00,1.00
2009.09.11 14:06:23.240,7.0186,7.01955,1.00,1.00
2009.09.11 14:06:23.970,7.0186,7.0194,1.00,1.00
2009.09.11 14:06:27.428,7.0186,7.0196,1.00,1.20
2009.09.11 14:06:28.108,7.0186,7.0196,1.00,1.00
2009.09.11 14:06:28.468,7.0186,7.02005,1.00,1.00
2009.09.11 14:06:28.798,7.0186,7.02005,1.00,1.20
2009.09.11 14:06:29.138,7.01295,7.01745,3.20,1.00
2009.09.11 14:06:29.498,7.0137,7.0192,3.20,3.20
2009.09.11 14:06:29.838,7.0141,7.01965,3.20,3.20
2009.09.11 14:06:30.818,7.0156,7.01975,3.20,3.20
2009.09.11 14:06:31.158,7.0153,7.01945,3.20,3.20
2009.09.11 14:06:31.548,7.0161,7.0197,1.00,3.20
2009.09.11 14:06:31.927,7.01635,7.0197,1.00,3.20
2009.09.11 14:06:32.277,7.01635,7.01985,1.20,3.20
2009.09.11 14:06:32.627,7.01655,7.01985,1.00,3.20
2009.09.11 14:06:32.977,7.0158,7.01985,1.00,3.20
2009.09.11 14:06:33.367,7.0157,7.01985,3.20,3.20
2009.09.11 14:06:33.667,7.0162,7.01975,1.00,3.20
2009.09.11 14:06:33.937,7.0162,7.019,1.00,3.20
2009.09.11 14:06:36.017,7.01555,7.0188,1.20,3.20
2009.09.11 14:06:36.187,7.0182,7.0205,1.00,3.20
2009.09.11 14:06:36.426,7.0182,7.0205,1.20,3.20
2009.09.11 14:06:36.776,7.0183,7.02115,1.00,3.20
2009.09.11 14:06:37.116,7.0183,7.02115,1.20,3.20
2009.09.11 14:06:37.506,7.0187,7.02115,1.20,3.20
2009.09.11 14:06:37.846,7.01895,7.02135,1.00,3.20
2009.09.11 14:06:38.196,7.01895,7.02135,1.00,3.20
2009.09.11 14:06:38.576,7.0187,7.02135,1.00,3.20
2009.09.11 14:06:38.936,7.01855,7.0213,1.00,3.20
2009.09.11 14:06:39.276,7.0187,7.0213,1.00,3.20
2009.09.11 14:06:39.625,7.01825,7.0213,1.00,3.20
2009.09.11 14:06:39.956,7.01825,7.0212,1.00,3.20
2009.09.11 14:06:41.245,7.01845,7.0213,1.00,3.20
2009.09.11 14:06:41.525,7.01845,7.0213,1.20,3.20
2009.09.11 14:06:41.825,7.0187,7.02175,1.00,3.20
2009.09.11 14:06:42.115,7.0187,7.022,1.00,2.40
2009.09.11 14:06:42.515,7.0194,7.0224,1.00,3.20
2009.09.11 14:06:42.865,7.01975,7.0224,1.00,3.20
2009.09.11 14:06:43.215,7.01975,7.021,1.00,1.00
2009.09.11 14:06:43.574,7.01875,7.0197,1.00,1.00
2009.09.11 14:06:43.915,7.01875,7.022,1.20,3.20
2009.09.11 14:06:44.255,7.01875,7.0225,1.00,3.20
2009.09.11 14:06:44.654,7.01855,7.0225,1.00,3.20
2009.09.11 14:06:45.004,7.01855,7.0222,1.00,3.20
2009.09.11 14:06:46.044,7.01925,7.02275,1.00,3.20
2009.09.11 14:06:46.374,7.01875,7.02275,1.00,3.20
2009.09.11 14:06:46.724,7.01875,7.02215,1.20,3.20
2009.09.11 14:06:47.404,7.01895,7.02215,1.00,3.20
2009.09.11 14:06:47.703,7.01765,7.02195,1.00,3.20
2009.09.11 14:06:48.094,7.0175,7.02195,3.20,3.20
2009.09.11 14:06:49.083,7.0178,7.02205,3.20,4.40
2009.09.11 14:06:49.473,7.0178,7.02205,3.20,3.60
2009.09.11 14:06:50.123,7.01785,7.02205,3.20,1.00
2009.09.11 14:06:51.383,7.01755,7.0218,3.20,3.20
2009.09.11 14:06:51.773,7.018,7.02175,3.20,1.00
2009.09.11 14:06:52.312,7.0179,7.02175,3.20,1.00
2009.09.11 14:06:52.882,7.01865,7.02195,1.00,3.20
2009.09.11 14:06:53.232,7.0194,7.0221,1.00,3.20
2009.09.11 14:06:53.632,7.0194,7.02195,1.00,3.20
2009.09.11 14:06:53.982,7.0194,7.02195,1.20,3.20
2009.09.11 14:06:54.332,7.0194,7.02245,1.20,3.20
2009.09.11 14:06:55.692,7.0194,7.02245,1.00,3.20
2009.09.11 14:06:56.082,7.0181,7.02245,4.40,3.20
2009.09.11 14:06:56.432,7.01905,7.02245,1.00,3.20
2009.09.11 14:06:57.191,7.0192,7.02265,1.20,3.20
2009.09.11 14:06:57.781,7.0194,7.0227,1.20,3.20
2009.09.11 14:06:58.351,7.0194,7.0229,1.20,3.20
2009.09.11 14:06:58.941,7.0199,7.02275,1.00,3.20
2009.09.11 14:06:59.271,7.0187,7.02275,1.00,3.20
2009.09.11 14:06:59.970,7.01855,7.0229,4.40,3.20
2009.09.11 14:07:00.310,7.01895,7.0225,1.00,3.20
2009.09.11 14:07:00.650,7.0184,7.0224,3.20,2.40
2009.09.11 14:07:01.270,7.01735,7.0217,3.20,3.20
2009.09.11 14:07:01.570,7.01755,7.0217,1.00,3.20
2009.09.11 14:07:02.320,7.01775,7.0213,1.00,3.20
2009.09.11 14:07:03.020,7.01725,7.0212,1.00,3.20
2009.09.11 14:07:03.360,7.01705,7.02075,1.00,3.20
2009.09.11 14:07:03.760,7.01705,7.02075,1.20,3.20
2009.09.11 14:07:04.110,7.01655,7.0207,3.20,3.20
2009.09.11 14:07:04.460,7.0163,7.02025,1.00,3.20
2009.09.11 14:07:04.799,7.0161,7.0202,4.00,2.40
2009.09.11 14:07:05.140,7.01555,7.0197,3.20,3.20
2009.09.11 14:07:05.939,7.01545,7.0196,1.00,3.20
2009.09.11 14:07:06.169,7.01545,7.01905,1.00,3.20
2009.09.11 14:07:07.829,7.016,7.0189,1.00,3.20
2009.09.11 14:07:08.179,7.016,7.0193,1.00,3.20
2009.09.11 14:07:08.529,7.016,7.01925,1.00,3.20
2009.09.11 14:07:09.199,7.016,7.01925,1.20,3.20
2009.09.11 14:07:09.838,7.016,7.01925,1.00,3.20
2009.09.11 14:07:10.238,7.0155,7.01895,1.00,3.20
2009.09.11 14:07:10.938,7.01535,7.01895,1.00,3.20
2009.09.11 14:07:11.278,7.01535,7.01895,1.20,3.20
2009.09.11 14:07:11.608,7.01535,7.0188,1.20,3.20
2009.09.11 14:07:12.648,7.0152,7.01825,1.00,3.20
2009.09.11 14:07:12.987,7.0152,7.01835,1.20,3.20
2009.09.11 14:07:13.348,7.0152,7.01835,1.00,3.20
2009.09.11 14:07:13.747,7.01515,7.01885,1.00,3.20
2009.09.11 14:07:14.047,7.0157,7.01885,1.00,3.20
2009.09.11 14:07:14.447,7.0157,7.0187,1.00,3.20
2009.09.11 14:07:14.737,7.0157,7.01735,1.00,3.20
2009.09.11 14:07:15.497,7.01205,7.0168,3.20,1.00
2009.09.11 14:07:15.737,7.0121,7.017,1.00,3.20
2009.09.11 14:07:16.656,7.0125,7.01665,3.20,4.40
2009.09.11 14:07:17.047,7.0125,7.0165,3.20,1.00
2009.09.11 14:07:17.386,7.01235,7.0165,3.20,3.60
2009.09.11 14:07:17.736,7.0125,7.0165,1.00,3.20
2009.09.11 14:07:18.086,7.0125,7.01665,3.60,4.40
2009.09.11 14:07:18.437,7.01225,7.0164,3.20,3.20
2009.09.11 14:07:19.136,7.0122,7.0163,1.00,3.20
2009.09.11 14:07:19.786,7.01215,7.0162,3.20,1.00
2009.09.11 14:07:20.186,7.01205,7.0158,3.20,1.00
2009.09.11 14:07:20.576,7.0118,7.01555,3.20,1.00
2009.09.11 14:07:20.926,7.01135,7.0155,3.20,4.00
2009.09.11 14:07:21.266,7.01135,7.0155,3.20,3.60
2009.09.11 14:07:21.615,7.0114,7.0155,3.20,1.00
2009.09.11 14:07:22.355,7.0115,7.01545,1.00,3.20
2009.09.11 14:07:22.685,7.0113,7.0153,1.00,3.20
2009.09.11 14:07:23.075,7.01115,7.0153,3.20,3.20
2009.09.11 14:07:23.305,7.01115,7.01495,3.20,1.00
2009.09.11 14:07:23.605,7.01095,7.01495,3.20,1.20
2009.09.11 14:07:23.835,7.011,7.01495,1.00,1.20
2009.09.11 14:07:24.115,7.01105,7.01495,3.20,1.20
2009.09.11 14:07:24.475,7.01105,7.0137,3.20,1.00
2009.09.11 14:07:25.385,7.011,7.0137,1.00,1.00
2009.09.11 14:07:25.545,7.01105,7.0135,3.20,1.00
2009.09.11 14:07:26.114,7.0118,7.01295,1.00,1.00
2009.09.11 14:07:26.294,7.01295,7.013,3.20,1.00
2009.09.11 14:07:26.464,7.01295,7.013,3.20,1.00
2009.09.11 14:07:26.804,7.0097,7.01335,4.00,1.00
2009.09.11 14:07:27.185,7.0097,7.0129,3.20,1.00
2009.09.11 14:07:27.524,7.0097,7.01285,3.20,1.00
2009.09.11 14:07:27.924,7.01005,7.01285,3.20,1.00
2009.09.11 14:07:28.264,7.0101,7.01285,1.00,1.20
2009.09.11 14:07:29.644,7.0101,7.01275,4.00,1.00
2009.09.11 14:07:31.593,7.0106,7.01275,3.20,1.00
2009.09.11 14:07:31.953,7.0108,7.01345,1.00,1.00
2009.09.11 14:07:32.303,7.01105,7.01345,3.20,1.00
2009.09.11 14:07:32.773,7.01105,7.0139,3.20,1.00
2009.09.11 14:07:33.123,7.0113,7.0139,1.00,1.00
2009.09.11 14:07:33.813,7.0113,7.0139,3.60,1.00
2009.09.11 14:07:34.323,7.0113,7.0152,3.60,1.00
2009.09.11 14:07:34.723,7.0113,7.0152,3.60,1.20
2009.09.11 14:07:35.053,7.01155,7.0152,3.20,1.20
2009.09.11 14:07:35.402,7.01155,7.015,3.20,1.00
2009.09.11 14:07:35.742,7.0119,7.01575,3.20,1.00
2009.09.11 14:07:36.092,7.0119,7.01555,3.20,1.00
2009.09.11 14:07:36.432,7.01225,7.01595,3.20,1.00
2009.09.11 14:07:36.782,7.01225,7.01585,3.20,1.00
2009.09.11 14:07:37.172,7.0125,7.01585,1.00,1.20
2009.09.11 14:07:37.522,7.0127,7.01585,1.00,1.00
2009.09.11 14:07:37.871,7.0127,7.0165,1.00,1.00
2009.09.11 14:07:38.192,7.0127,7.0165,1.00,1.20
2009.09.11 14:07:38.481,7.0129,7.01645,1.00,1.00
2009.09.11 14:07:39.391,7.01295,7.01645,3.20,1.00
2009.09.11 14:07:39.741,7.01295,7.01555,3.20,1.00
2009.09.11 14:07:40.091,7.01295,7.01555,3.20,1.20
2009.09.11 14:07:40.481,7.0129,7.01555,1.00,1.00
2009.09.11 14:07:40.831,7.0134,7.0161,1.00,1.00
2009.09.11 14:07:41.161,7.0134,7.0161,1.00,1.20
2009.09.11 14:07:41.861,7.0134,7.01775,1.00,3.20
2009.09.11 14:07:42.201,7.0132,7.0176,1.00,1.00
2009.09.11 14:07:42.540,7.01315,7.0174,3.20,1.00
2009.09.11 14:07:42.890,7.0127,7.0169,1.60,1.00
2009.09.11 14:07:43.280,7.0127,7.0169,1.00,1.00
2009.09.11 14:07:43.510,7.0127,7.01555,1.00,1.00
2009.09.11 14:07:45.000,7.0129,7.01535,1.00,1.00
2009.09.11 14:07:46.159,7.0129,7.0156,1.00,1.00
2009.09.11 14:07:46.489,7.0129,7.0156,1.00,1.20
2009.09.11 14:07:46.829,7.0129,7.01535,1.00,1.00
2009.09.11 14:07:47.169,7.0129,7.01535,1.00,1.20
2009.09.11 14:07:47.569,7.01275,7.01535,3.20,1.20
2009.09.11 14:07:47.919,7.01255,7.01535,3.20,1.20
2009.09.11 14:07:48.269,7.0125,7.01535,3.20,1.00
2009.09.11 14:07:48.619,7.0125,7.016,3.20,1.00
2009.09.11 14:07:48.949,7.0119,7.01585,3.20,1.00
2009.09.11 14:07:49.698,7.0115,7.0156,1.00,3.20
2009.09.11 14:07:50.379,7.0115,7.0156,1.00,3.20
2009.09.11 14:07:50.738,7.0115,7.0155,1.00,3.20
2009.09.11 14:07:52.658,7.0113,7.0142,4.00,1.00
2009.09.11 14:07:53.348,7.0113,7.01415,4.00,1.00
2009.09.11 14:07:53.748,7.0113,7.01395,4.00,1.20
2009.09.11 14:07:54.427,7.01135,7.01395,3.20,1.20
2009.09.11 14:07:55.167,7.0113,7.0153,4.00,1.00
2009.09.11 14:07:55.927,7.0115,7.01575,3.20,1.00
2009.09.11 14:07:57.337,7.01135,7.01515,3.20,1.00
2009.09.11 14:07:57.687,7.0115,7.01515,1.00,1.00
2009.09.11 14:07:58.077,7.0117,7.01545,1.00,1.20
2009.09.11 14:07:58.427,7.0122,7.0162,3.20,1.00
2009.09.11 14:07:58.777,7.0122,7.01635,3.20,3.20
2009.09.11 14:07:59.127,7.0127,7.01635,1.00,3.20
2009.09.11 14:07:59.476,7.0124,7.01635,1.00,3.20
2009.09.11 14:08:00.316,7.01345,7.0166,3.20,1.00
2009.09.11 14:08:00.656,7.01345,7.01785,3.20,1.00
2009.09.11 14:08:00.866,7.01345,7.01785,3.20,1.20
2009.09.11 14:08:01.026,7.01335,7.0167,3.20,1.00
2009.09.11 14:08:01.196,7.01335,7.01675,3.20,1.00
2009.09.11 14:08:01.716,7.01355,7.01675,3.20,1.20
2009.09.11 14:08:02.395,7.01255,7.01525,3.20,1.00
2009.09.11 14:08:02.805,7.01255,7.01575,3.20,1.00
2009.09.11 14:08:03.136,7.0121,7.0149,3.20,1.00
2009.09.11 14:08:03.475,7.0113,7.0148,3.20,1.00
2009.09.11 14:08:04.285,7.0111,7.01395,3.20,1.00
2009.09.11 14:08:04.615,7.0113,7.01395,3.20,1.00
2009.09.11 14:08:04.965,7.011,7.01395,1.00,1.20
2009.09.11 14:08:05.305,7.0112,7.01395,1.00,1.20
2009.09.11 14:08:05.655,7.011,7.01395,1.00,1.00
2009.09.11 14:08:06.045,7.01095,7.01415,3.20,1.00
2009.09.11 14:08:06.385,7.01095,7.01395,3.20,1.00
2009.09.11 14:08:06.735,7.0109,7.01395,3.20,1.20
2009.09.11 14:08:07.074,7.0109,7.01395,3.20,1.30
2009.09.11 14:08:07.774,7.0107,7.01395,1.00,1.30
2009.09.11 14:08:08.454,7.0105,7.01395,1.00,1.30
2009.09.11 14:08:09.404,7.0105,7.01365,3.20,1.00
2009.09.11 14:08:09.704,7.0107,7.01365,3.20,1.00
2009.09.11 14:08:10.034,7.0112,7.01395,1.00,1.00
2009.09.11 14:08:10.384,7.0113,7.01395,3.20,1.00
2009.09.11 14:08:10.684,7.0115,7.01435,3.20,1.00
2009.09.11 14:08:11.604,7.0118,7.01455,3.20,1.00
2009.09.11 14:08:11.964,7.0118,7.01455,3.20,1.20
2009.09.11 14:08:12.313,7.0122,7.01455,1.00,1.00
2009.09.11 14:08:12.683,7.01255,7.01525,3.20,1.00
2009.09.11 14:08:13.023,7.01255,7.01555,3.20,1.00
2009.09.11 14:08:14.323,7.0127,7.0153,3.20,1.00
2009.09.11 14:08:14.673,7.0122,7.0153,3.20,1.00
2009.09.11 14:08:15.013,7.0122,7.01525,3.20,1.00
2009.09.11 14:08:15.312,7.0122,7.01525,3.20,1.20
2009.09.11 14:08:15.962,7.01195,7.01485,3.20,1.00
2009.09.11 14:08:16.432,7.01195,7.0156,3.20,1.00
2009.09.11 14:08:17.132,7.01195,7.01555,3.20,1.00
2009.09.11 14:08:17.492,7.0115,7.0153,3.20,1.00
2009.09.11 14:08:17.842,7.0115,7.01465,3.20,1.00
2009.09.11 14:08:18.222,7.01085,7.01465,3.20,1.20
2009.09.11 14:08:19.401,7.01085,7.01405,3.20,1.00
2009.09.11 14:08:19.772,7.0104,7.01405,3.20,1.00
2009.09.11 14:08:20.471,7.01025,7.01385,3.20,1.00
2009.09.11 14:08:20.811,7.01,7.01385,3.20,1.00
2009.09.11 14:08:21.151,7.01005,7.0138,3.20,1.00
2009.09.11 14:08:21.511,7.00985,7.0138,3.20,1.20
2009.09.11 14:08:21.861,7.0098,7.0138,3.20,1.20
2009.09.11 14:08:22.551,7.0098,7.0138,3.20,1.00
2009.09.11 14:08:22.890,7.0098,7.01315,3.20,1.00
2009.09.11 14:08:23.570,7.0097,7.0127,3.20,1.00
2009.09.11 14:08:24.141,7.0097,7.0127,3.20,1.20
2009.09.11 14:08:24.481,7.00965,7.0127,3.20,1.00
2009.09.11 14:08:24.820,7.00965,7.01275,3.20,1.20
2009.09.11 14:08:25.690,7.0098,7.01275,3.20,1.20
2009.09.11 14:08:26.050,7.0099,7.01275,1.00,1.00
2009.09.11 14:08:26.320,7.01005,7.01315,3.20,1.20
2009.09.11 14:08:26.670,7.01005,7.0131,3.20,1.00
2009.09.11 14:08:27.060,7.01005,7.01325,3.20,1.00
2009.09.11 14:08:27.420,7.0103,7.01325,3.20,1.00
2009.09.11 14:08:27.759,7.0107,7.01325,1.00,1.00
2009.09.11 14:08:28.099,7.01085,7.0139,3.20,1.00
2009.09.11 14:08:28.509,7.01095,7.0139,3.20,1.00
2009.09.11 14:08:29.569,7.01135,7.0139,3.20,1.00
2009.09.11 14:08:30.269,7.01125,7.0141,3.20,1.00
2009.09.11 14:08:30.609,7.01125,7.0139,3.20,1.00
2009.09.11 14:08:30.949,7.011,7.0139,3.20,1.00
2009.09.11 14:08:32.038,7.01125,7.0141,3.20,1.00
2009.09.11 14:08:33.018,7.0112,7.0141,3.20,1.00
2009.09.11 14:08:34.148,7.0112,7.0141,3.20,1.20
2009.09.11 14:08:35.128,7.01455,7.0166,3.20,2.40
2009.09.11 14:08:35.468,7.01415,7.01825,3.20,1.20
2009.09.11 14:08:36.157,7.0146,7.01825,3.20,1.00
2009.09.11 14:08:37.197,7.0146,7.01785,3.20,1.20
2009.09.11 14:08:37.537,7.01465,7.01785,3.20,1.20
2009.09.11 14:08:37.887,7.01235,7.0151,3.20,1.00
2009.09.11 14:08:38.287,7.0113,7.0151,3.20,1.20
2009.09.11 14:08:38.627,7.0113,7.0151,3.20,1.00
2009.09.11 14:08:38.967,7.01175,7.0147,3.20,1.00
2009.09.11 14:08:39.897,7.0116,7.0147,3.20,1.00
2009.09.11 14:08:40.246,7.01185,7.01525,3.20,1.00
2009.09.11 14:08:40.466,7.0116,7.0148,3.20,1.00
2009.09.11 14:08:41.626,7.01205,7.01505,3.20,1.00
2009.09.11 14:08:41.976,7.01195,7.0161,3.20,1.00
2009.09.11 14:08:42.366,7.0122,7.0161,3.20,1.00
2009.09.11 14:08:42.706,7.0124,7.0161,3.20,1.00
2009.09.11 14:08:43.416,7.01265,7.0159,3.20,1.00
2009.09.11 14:08:45.046,7.01265,7.0159,3.20,1.20
2009.09.11 14:08:45.735,7.0127,7.01605,3.20,1.00
2009.09.11 14:08:46.255,7.0127,7.0162,3.20,1.00
2009.09.11 14:08:46.475,7.0135,7.01655,3.20,1.00
2009.09.11 14:08:46.815,7.0135,7.01665,3.20,1.20
2009.09.11 14:08:47.165,7.0135,7.01665,3.20,1.30
2009.09.11 14:08:48.195,7.0138,7.01665,3.20,1.00
2009.09.11 14:08:48.545,7.0138,7.01665,3.20,1.00
2009.09.11 14:08:48.945,7.01385,7.01665,3.20,1.00
2009.09.11 14:08:49.124,7.01385,7.01665,3.20,1.00
2009.09.11 14:08:49.554,7.01385,7.01665,3.20,1.30
2009.09.11 14:08:50.414,7.01365,7.01665,3.20,1.30
2009.09.11 14:08:51.974,7.01405,7.01665,3.20,1.00
2009.09.11 14:08:52.314,7.01405,7.01665,3.20,1.00
2009.09.11 14:08:52.694,7.01365,7.01665,3.20,1.00
2009.09.11 14:08:53.713,7.01385,7.01665,3.20,1.00
2009.09.11 14:08:54.403,7.0138,7.01665,3.20,1.00
2009.09.11 14:08:55.143,7.01385,7.01665,3.20,1.00
2009.09.11 14:08:55.813,7.0138,7.01665,3.20,1.00
2009.09.11 14:08:57.213,7.01385,7.0183,3.20,3.20
2009.09.11 14:08:57.542,7.01405,7.0177,3.20,1.00
2009.09.11 14:08:57.832,7.01405,7.01755,3.20,1.00
2009.09.11 14:08:58.812,7.014,7.0171,3.20,1.00
2009.09.11 14:08:59.162,7.01425,7.0171,3.20,1.00
2009.09.11 14:08:59.502,7.014,7.0171,3.20,1.00
2009.09.11 14:09:00.222,7.0129,7.0165,3.20,1.00
2009.09.11 14:09:00.582,7.0129,7.016,3.20,1.00
2009.09.11 14:09:01.262,7.01315,7.016,3.20,1.00
2009.09.11 14:09:01.611,7.0129,7.016,3.20,1.00
2009.09.11 14:09:02.481,7.01305,7.0162,3.20,1.20
2009.09.11 14:09:02.821,7.0131,7.0162,3.20,1.00
2009.09.11 14:09:04.061,7.0137,7.0162,3.20,1.00
2009.09.11 14:09:04.301,7.01345,7.0162,3.20,1.00
2009.09.11 14:09:04.581,7.01345,7.01605,3.20,1.00
2009.09.11 14:09:04.920,7.01345,7.016,3.20,1.00
2009.09.11 14:09:05.830,7.01325,7.016,3.20,1.00
2009.09.11 14:09:08.370,7.01305,7.0159,3.20,1.00
2009.09.11 14:09:08.950,7.01305,7.01555,3.20,1.20
2009.09.11 14:09:09.300,7.01275,7.01525,3.20,1.00
2009.09.11 14:09:09.649,7.0127,7.0151,1.00,1.00
2009.09.11 14:09:09.989,7.0127,7.01505,1.00,1.00
2009.09.11 14:09:10.399,7.0127,7.0151,1.00,1.20
2009.09.11 14:09:10.739,7.0127,7.0141,1.00,1.00
2009.09.11 14:09:17.118,7.0127,7.01385,1.00,1.00
2009.09.11 14:09:19.428,7.0131,7.01385,3.20,1.00
2009.09.11 14:09:19.947,7.0127,7.01385,1.00,1.00
2009.09.11 14:09:20.637,7.01285,7.01385,3.20,1.00
2009.09.11 14:09:20.977,7.01285,7.0163,3.20,1.00
2009.09.11 14:09:21.716,7.0128,7.0163,3.20,1.00
2009.09.11 14:09:24.146,7.0128,7.01705,3.20,1.00
2009.09.11 14:09:24.496,7.0128,7.0171,3.20,1.00
2009.09.11 14:09:24.846,7.0127,7.0159,1.00,1.00
2009.09.11 14:09:25.186,7.0127,7.0151,1.00,1.00
2009.09.11 14:09:25.546,7.01335,7.0151,3.20,1.00
2009.09.11 14:09:25.886,7.01335,7.01605,3.20,1.00
2009.09.11 14:09:26.236,7.01345,7.0161,3.20,1.20
2009.09.11 14:09:26.975,7.01335,7.0157,3.20,1.00
2009.09.11 14:09:27.315,7.01335,7.0151,3.20,1.00
2009.09.11 14:09:27.925,7.0132,7.0151,3.20,1.00
2009.09.11 14:09:28.255,7.01295,7.0151,3.20,1.00
2009.09.11 14:09:28.595,7.0128,7.0149,3.20,1.00
2009.09.11 14:09:29.285,7.0127,7.0149,3.60,1.00
2009.09.11 14:09:29.635,7.0127,7.0149,3.60,1.00
2009.09.11 14:09:29.984,7.0127,7.0149,1.00,1.30
2009.09.11 14:09:30.334,7.01335,7.0149,3.20,1.00
2009.09.11 14:09:30.684,7.01335,7.0149,3.20,1.00
2009.09.11 14:09:31.034,7.01335,7.01755,3.20,1.00
2009.09.11 14:09:31.424,7.0135,7.01755,3.20,1.20
2009.09.11 14:09:31.754,7.01335,7.01735,3.20,1.00
2009.09.11 14:09:32.094,7.01335,7.0163,3.20,1.00
2009.09.11 14:09:33.014,7.0127,7.0163,1.00,1.00
2009.09.11 14:09:33.364,7.0127,7.016,1.00,1.00
2009.09.11 14:09:34.034,7.0127,7.0156,1.00,1.00
2009.09.11 14:09:34.423,7.0127,7.01525,1.00,1.00
2009.09.11 14:09:35.143,7.0127,7.0151,1.00,1.00
2009.09.11 14:09:35.483,7.0127,7.01505,1.00,1.20
2009.09.11 14:09:37.253,7.0127,7.0142,1.00,1.00
2009.09.11 14:09:40.982,7.0127,7.0145,1.00,1.20
2009.09.11 14:09:41.442,7.0127,7.0145,1.00,1.00
2009.09.11 14:09:41.842,7.0127,7.0145,1.00,1.00
2009.09.11 14:09:42.192,7.0127,7.01465,1.00,1.00
2009.09.11 14:09:46.070,7.0127,7.0153,1.00,1.00
2009.09.11 14:09:46.690,7.0127,7.0148,1.00,1.00
2009.09.11 14:09:47.030,7.0127,7.01485,1.00,1.00
2009.09.11 14:09:47.780,7.0127,7.0161,1.00,4.00
2009.09.11 14:09:48.180,7.0127,7.0149,1.00,1.00
2009.09.11 14:09:48.860,7.0127,7.0147,1.00,1.00
2009.09.11 14:09:49.250,7.0127,7.0148,1.00,3.20
2009.09.11 14:09:49.600,7.0128,7.01625,1.00,1.00
2009.09.11 14:09:49.930,7.013,7.01625,1.00,1.00
2009.09.11 14:09:51.309,7.0133,7.01605,1.00,1.00
2009.09.11 14:09:51.669,7.014,7.01605,1.00,1.00
2009.09.11 14:09:52.459,7.0145,7.01585,1.00,1.00
2009.09.11 14:09:52.799,7.01545,7.0189,1.00,1.00
2009.09.11 14:09:53.149,7.01565,7.0191,1.20,3.20
2009.09.11 14:09:53.499,7.01625,7.019,1.00,1.20
2009.09.11 14:09:53.789,7.01625,7.0187,1.00,1.00
2009.09.11 14:09:54.129,7.01595,7.0184,1.00,1.00
2009.09.11 14:09:54.468,7.01625,7.0186,1.00,1.60
2009.09.11 14:09:54.808,7.01625,7.0188,1.20,1.20
2009.09.11 14:09:55.199,7.0164,7.01955,1.00,1.60
2009.09.11 14:09:55.548,7.01795,7.02065,1.00,3.20
2009.09.11 14:09:55.888,7.01795,7.02185,1.00,3.20
2009.09.11 14:09:56.269,7.01795,7.0222,1.00,3.20
2009.09.11 14:09:56.608,7.01835,7.0216,1.00,3.20
2009.09.11 14:09:57.448,7.0179,7.02135,1.20,3.20
2009.09.11 14:09:57.618,7.01765,7.0205,1.00,1.00
2009.09.11 14:09:57.798,7.01765,7.0205,1.20,1.00
2009.09.11 14:09:57.978,7.01765,7.0205,1.00,1.00
2009.09.11 14:09:58.378,7.0174,7.0205,1.00,1.00
2009.09.11 14:09:58.558,7.0174,7.0202,1.20,1.00
2009.09.11 14:09:59.237,7.0174,7.02,1.00,1.00
2009.09.11 14:09:59.947,7.01595,7.0196,1.00,1.00
2009.09.11 14:10:00.277,7.0157,7.019,1.00,1.00
2009.09.11 14:10:00.687,7.0156,7.0188,1.00,1.00
2009.09.11 14:10:01.337,7.0156,7.019,1.00,1.00
2009.09.11 14:10:01.617,7.01615,7.0191,1.00,1.00
2009.09.11 14:10:02.287,7.0164,7.0193,1.00,1.00
2009.09.11 14:10:02.646,7.0166,7.01955,1.00,3.20
2009.09.11 14:10:03.316,7.0166,7.0196,1.20,1.00
2009.09.11 14:10:03.856,7.0171,7.01995,1.00,3.20
2009.09.11 14:10:04.206,7.0171,7.01995,1.20,3.20
2009.09.11 14:10:04.596,7.0171,7.02,1.20,1.00
2009.09.11 14:10:05.456,7.0171,7.0203,1.20,1.00
2009.09.11 14:10:05.806,7.0176,7.0205,1.00,1.00
2009.09.11 14:10:07.026,7.0176,7.0205,1.20,1.00
2009.09.11 14:10:09.015,7.0176,7.02075,1.00,3.20
2009.09.11 14:10:09.366,7.0181,7.02075,1.00,3.20
2009.09.11 14:10:09.765,7.01855,7.0215,1.00,4.00
2009.09.11 14:10:10.115,7.01855,7.0211,1.00,1.00
2009.09.11 14:10:10.465,7.01885,7.02145,1.00,3.20
2009.09.11 14:10:10.825,7.01885,7.0219,1.20,1.00
2009.09.11 14:10:11.575,7.0194,7.0226,1.00,1.00
2009.09.11 14:10:11.914,7.0194,7.0226,1.00,1.60
2009.09.11 14:10:12.314,7.0194,7.0224,1.00,1.00
2009.09.11 14:10:12.654,7.01965,7.0224,1.20,1.00
2009.09.11 14:10:13.004,7.0203,7.02405,1.00,3.20
2009.09.11 14:10:13.694,7.0203,7.02415,1.00,3.20
2009.09.11 14:10:14.034,7.02095,7.02395,1.20,3.20
2009.09.11 14:10:14.384,7.02095,7.0241,1.20,3.20
2009.09.11 14:10:14.784,7.0215,7.0241,1.00,3.20
2009.09.11 14:10:15.463,7.0215,7.02425,1.00,3.20
2009.09.11 14:10:16.333,7.02255,7.0247,1.20,3.20
2009.09.11 14:10:16.683,7.02325,7.02495,1.00,3.20
2009.09.11 14:10:17.013,7.0225,7.02495,1.00,3.20
2009.09.11 14:10:17.313,7.0225,7.02535,1.00,3.20
2009.09.11 14:10:17.883,7.0227,7.02575,1.00,1.00
2009.09.11 14:10:18.233,7.0227,7.0255,1.00,1.00
2009.09.11 14:10:18.963,7.0227,7.02615,1.00,1.00
2009.09.11 14:10:19.313,7.0227,7.0257,1.00,3.20
2009.09.11 14:10:19.662,7.0227,7.02505,1.00,1.20
2009.09.11 14:10:20.872,7.0227,7.026,1.00,1.00
2009.09.11 14:10:21.552,7.0227,7.0246,1.00,1.00
2009.09.11 14:10:22.232,7.0227,7.0245,1.00,1.00
2009.09.11 14:10:22.572,7.0227,7.02395,1.00,1.00
2009.09.11 14:10:22.912,7.0227,7.02375,1.00,1.20
2009.09.11 14:10:23.272,7.0227,7.02375,1.00,1.00
2009.09.11 14:10:23.602,7.0227,7.0261,1.00,1.20
2009.09.11 14:10:23.951,7.0227,7.0261,1.00,1.00
2009.09.11 14:10:24.301,7.0227,7.02575,1.00,1.00
2009.09.11 14:10:24.651,7.0227,7.0254,1.00,1.00
2009.09.11 14:10:25.531,7.0193,7.02305,3.20,1.00
2009.09.11 14:10:25.861,7.0223,7.02305,1.00,1.00
2009.09.11 14:10:26.981,7.01925,7.02265,3.20,1.00
2009.09.11 14:10:28.071,7.0223,7.024,1.00,3.20
2009.09.11 14:10:28.410,7.0223,7.02315,1.00,1.00
2009.09.11 14:10:29.081,7.01945,7.02225,3.20,1.00
2009.09.11 14:10:29.480,7.01815,7.02215,4.00,1.00
2009.09.11 14:10:30.100,7.01755,7.0217,3.20,1.00
2009.09.11 14:10:30.460,7.0217,7.0221,1.00,4.20
2009.09.11 14:10:30.860,7.01695,7.0215,3.20,1.00
2009.09.11 14:10:31.140,7.01725,7.022,3.20,1.00
2009.09.11 14:10:31.490,7.0174,7.022,3.20,1.00
2009.09.11 14:10:31.840,7.0174,7.02165,3.20,1.00
2009.09.11 14:10:32.130,7.0184,7.02275,3.20,3.20
2009.09.11 14:10:32.489,7.0217,7.02275,1.00,3.20
2009.09.11 14:10:32.839,7.0217,7.0226,1.00,3.20
2009.09.11 14:10:33.229,7.0173,7.02245,3.20,3.20
2009.09.11 14:10:33.909,7.0217,7.02265,1.00,3.20
2009.09.11 14:10:34.249,7.01735,7.0225,3.20,3.20
2009.09.11 14:10:34.599,7.0217,7.0225,1.00,3.20
2009.09.11 14:10:35.419,7.01875,7.023,1.00,3.20
2009.09.11 14:10:35.709,7.01975,7.02265,1.00,3.20
2009.09.11 14:10:36.049,7.01975,7.02265,1.20,3.20
2009.09.11 14:10:36.329,7.01975,7.02265,1.00,3.20
2009.09.11 14:10:36.669,7.01945,7.0225,1.20,3.20
2009.09.11 14:10:37.028,7.01945,7.0225,1.00,3.20
2009.09.11 14:10:37.388,7.01935,7.02235,1.20,3.20
2009.09.11 14:10:37.788,7.01955,7.02235,1.00,3.20
2009.09.11 14:10:38.478,7.01955,7.02255,1.20,3.20
2009.09.11 14:10:39.608,7.01955,7.02185,1.00,3.20
2009.09.11 14:10:39.957,7.01905,7.02185,1.20,3.20
2009.09.11 14:10:41.257,7.01995,7.0227,1.00,3.20
2009.09.11 14:10:41.837,7.01995,7.0227,1.20,3.20
2009.09.11 14:10:42.167,7.01995,7.02285,1.20,3.20
2009.09.11 14:10:42.867,7.02015,7.0227,1.00,3.20
2009.09.11 14:10:43.217,7.01975,7.0225,1.00,3.20
2009.09.11 14:10:43.907,7.01975,7.0225,1.20,3.20
2009.09.11 14:10:44.707,7.01975,7.02265,1.20,3.20
2009.09.11 14:10:45.406,7.0192,7.0222,1.00,3.20
2009.09.11 14:10:45.746,7.0192,7.0222,1.20,3.20
2009.09.11 14:10:46.486,7.0187,7.0222,1.00,3.20
2009.09.11 14:10:47.056,7.0187,7.0216,1.20,3.20
2009.09.11 14:10:47.406,7.0187,7.0216,1.00,3.20
2009.09.11 14:10:47.746,7.0186,7.0213,1.20,3.20
2009.09.11 14:10:48.096,7.0186,7.0213,1.00,3.20
2009.09.11 14:10:48.446,7.0179,7.02115,1.00,3.20
2009.09.11 14:10:48.785,7.0179,7.02105,1.00,3.20
2009.09.11 14:10:49.135,7.0173,7.02105,1.00,3.20
2009.09.11 14:10:49.525,7.0173,7.0204,1.20,3.20
2009.09.11 14:10:49.858,7.01715,7.0204,1.00,3.20
2009.09.11 14:10:50.195,7.01685,7.01965,1.00,3.20
2009.09.11 14:10:50.945,7.01685,7.01945,1.20,3.20
2009.09.11 14:10:51.165,7.01685,7.01945,1.00,3.20
2009.09.11 14:10:51.515,7.0162,7.01945,1.20,3.20
2009.09.11 14:10:51.735,7.01495,7.01945,3.20,3.20
2009.09.11 14:10:52.804,7.015,7.01835,3.20,1.00
2009.09.11 14:10:53.144,7.014,7.0177,3.20,1.20
2009.09.11 14:10:53.824,7.014,7.01705,3.20,1.00
2009.09.11 14:10:54.584,7.0143,7.01865,3.20,3.20
2009.09.11 14:10:55.624,7.01435,7.0185,3.20,3.20
2009.09.11 14:10:55.974,7.0143,7.01845,3.20,3.20
2009.09.11 14:10:57.364,7.0148,7.0189,3.20,3.20
2009.09.11 14:10:57.703,7.01465,7.01875,3.20,3.20
2009.09.11 14:10:57.983,7.01465,7.01865,3.20,1.00
2009.09.11 14:10:58.303,7.01465,7.0186,3.20,1.00
2009.09.11 14:10:58.593,7.01465,7.0186,3.20,1.20
2009.09.11 14:10:59.283,7.01465,7.01875,3.20,3.20
2009.09.11 14:10:59.993,7.015,7.01815,3.20,1.00
2009.09.11 14:11:00.523,7.0145,7.01785,1.00,1.00
2009.09.11 14:11:00.643,7.0145,7.01795,1.00,1.00
2009.09.11 14:11:00.913,7.0145,7.0179,1.00,1.00
2009.09.11 14:11:01.083,7.0145,7.0168,1.00,1.00
2009.09.11 14:11:02.512,7.0145,7.01585,1.00,1.00
2009.09.11 14:11:02.862,7.0145,7.01585,1.00,1.20
2009.09.11 14:11:04.931,7.0145,7.01755,1.00,3.20
2009.09.11 14:11:05.601,7.0145,7.0173,1.00,3.20
2009.09.11 14:11:06.641,7.0145,7.0169,1.00,1.00
2009.09.11 14:11:07.051,7.0145,7.01695,1.00,3.20
2009.09.11 14:11:07.691,7.0145,7.0172,1.00,1.00
2009.09.11 14:11:08.051,7.0145,7.0176,1.00,3.20
2009.09.11 14:11:08.391,7.0145,7.01765,1.00,3.20
2009.09.11 14:11:09.081,7.0145,7.0179,1.00,3.20
2009.09.11 14:11:09.431,7.0145,7.0183,1.00,3.20
2009.09.11 14:11:10.240,7.0146,7.0177,1.00,3.20
2009.09.11 14:11:10.581,7.0146,7.0183,1.00,1.00
2009.09.11 14:11:10.960,7.0145,7.0181,1.00,1.00
2009.09.11 14:11:11.250,7.0148,7.0181,3.20,1.00
2009.09.11 14:11:11.770,7.0148,7.0177,2.40,1.00
2009.09.11 14:11:12.100,7.0145,7.0177,1.00,1.00
2009.09.11 14:11:13.139,7.0145,7.0174,1.00,1.60
2009.09.11 14:11:13.479,7.0145,7.0172,1.00,1.00
2009.09.11 14:11:14.479,7.0145,7.0171,1.00,1.00
2009.09.11 14:11:15.459,7.0145,7.0173,1.00,1.00
2009.09.11 14:11:15.689,7.0145,7.0172,1.00,1.00
2009.09.11 14:11:16.559,7.0145,7.0175,1.00,1.00
2009.09.11 14:11:18.338,7.0145,7.0172,1.00,1.00
2009.09.11 14:11:24.267,7.0145,7.0168,1.00,1.00
2009.09.11 14:11:24.667,7.0145,7.0172,1.00,1.00
2009.09.11 14:11:25.007,7.0145,7.0168,1.00,1.00
2009.09.11 14:11:26.707,7.0145,7.0172,1.00,1.00
2009.09.11 14:11:29.076,7.0145,7.0168,1.00,1.00
2009.09.11 14:11:29.296,7.0145,7.0167,1.00,1.00
2009.09.11 14:11:29.466,7.0145,7.0165,1.00,1.00
2009.09.11 14:11:29.746,7.0145,7.0167,1.00,1.00
2009.09.11 14:11:29.866,7.0145,7.0165,1.00,1.00
2009.09.11 14:11:30.266,7.0145,7.0163,1.00,2.40
2009.09.11 14:11:31.015,7.0145,7.0165,1.00,3.20
2009.09.11 14:11:31.346,7.0145,7.0164,1.00,1.00
2009.09.11 14:11:31.525,7.0145,7.0163,1.00,2.40
2009.09.11 14:11:31.745,7.0145,7.0164,1.00,1.20
2009.09.11 14:11:33.335,7.0145,7.0164,1.00,1.00
2009.09.11 14:11:33.905,7.0145,7.0164,1.00,1.00
2009.09.11 14:11:34.184,7.0145,7.0164,1.00,1.20
2009.09.11 14:11:35.044,7.0151,7.0164,1.00,1.00
2009.09.11 14:11:35.375,7.0151,7.01935,1.00,1.00
2009.09.11 14:11:36.424,7.0155,7.01895,1.00,1.00
2009.09.11 14:11:37.074,7.0163,7.01935,3.20,1.00
2009.09.11 14:11:37.454,7.0167,7.01935,3.20,1.00
2009.09.11 14:11:37.744,7.0167,7.02145,3.20,3.20
2009.09.11 14:11:38.824,7.01735,7.0208,3.20,1.20
2009.09.11 14:11:39.513,7.01735,7.0208,3.20,1.00
2009.09.11 14:11:39.863,7.01735,7.02075,3.20,1.00
2009.09.11 14:11:40.203,7.01755,7.0206,3.20,1.20
2009.09.11 14:11:40.603,7.01745,7.0206,3.20,1.20
2009.09.11 14:11:40.874,7.01755,7.0206,3.20,1.20
2009.09.11 14:11:41.973,7.0175,7.0206,3.20,1.20
2009.09.11 14:11:42.323,7.01755,7.0206,3.20,1.20
2009.09.11 14:11:42.673,7.01645,7.01955,3.20,1.00
2009.09.11 14:11:44.122,7.01665,7.0194,3.20,1.00
2009.09.11 14:11:44.462,7.01665,7.0194,3.20,1.20
2009.09.11 14:11:45.172,7.0162,7.01925,3.20,1.20
2009.09.11 14:11:45.502,7.016,7.01925,3.20,1.20
2009.09.11 14:11:46.232,7.0159,7.01925,3.20,1.00
2009.09.11 14:11:46.572,7.0159,7.01975,3.20,1.00
2009.09.11 14:11:47.262,7.01605,7.01985,3.20,1.00
2009.09.11 14:11:47.601,7.01605,7.0194,3.20,1.00
2009.09.11 14:11:48.171,7.0158,7.01925,3.20,1.00
2009.09.11 14:11:48.451,7.0158,7.01925,3.20,1.20
2009.09.11 14:11:48.731,7.01605,7.01925,3.20,1.20
2009.09.11 14:11:49.021,7.01595,7.01925,3.20,1.00
2009.09.11 14:11:49.241,7.01595,7.01975,3.20,1.20
2009.09.11 14:11:49.651,7.0167,7.01975,3.20,1.20
2009.09.11 14:11:49.981,7.0167,7.0191,3.20,1.00
2009.09.11 14:11:50.321,7.0161,7.0191,3.20,1.00
2009.09.11 14:11:50.711,7.0157,7.0191,1.60,1.00
2009.09.11 14:11:53.100,7.0157,7.0184,1.60,1.00
2009.09.11 14:11:53.640,7.0157,7.0184,1.60,1.20
2009.09.11 14:11:54.190,7.0157,7.0176,1.60,1.00
2009.09.11 14:11:55.430,7.0157,7.0167,1.60,1.00
2009.09.11 14:11:55.819,7.0157,7.0162,1.60,1.00
2009.09.11 14:11:56.180,7.0157,7.0175,1.60,1.20
2009.09.11 14:11:56.535,7.0157,7.01735,1.60,3.20
2009.09.11 14:11:57.229,7.0157,7.01705,1.60,3.20
2009.09.11 14:11:58.339,7.0157,7.01685,1.60,3.20
2009.09.11 14:12:00.758,7.0157,7.01615,1.60,1.00
2009.09.11 14:12:04.777,7.0157,7.01715,1.60,1.00
2009.09.11 14:12:05.047,7.0157,7.0171,1.60,1.20
2009.09.11 14:12:05.377,7.0157,7.01745,1.60,1.00
2009.09.11 14:12:05.657,7.0157,7.0174,1.60,1.00
2009.09.11 14:12:07.097,7.0157,7.01675,1.60,1.00
2009.09.11 14:12:07.497,7.0157,7.01675,1.60,1.20
2009.09.11 14:12:07.846,7.0157,7.01675,1.60,1.00
2009.09.11 14:12:08.196,7.0157,7.0169,1.60,1.00
2009.09.11 14:12:08.536,7.0157,7.0172,1.60,1.00
2009.09.11 14:12:08.896,7.0157,7.0172,1.60,1.20
2009.09.11 14:12:12.125,7.0157,7.017,1.60,1.00
2009.09.11 14:12:12.485,7.0157,7.017,1.60,1.20
2009.09.11 14:12:13.565,7.0157,7.01705,1.60,1.00
2009.09.11 14:12:13.905,7.0157,7.01675,1.60,1.20
2009.09.11 14:12:20.113,7.0157,7.0172,1.60,1.00
2009.09.11 14:12:20.463,7.0157,7.01715,1.60,1.00
2009.09.11 14:12:21.173,7.0157,7.01715,1.60,1.20
2009.09.11 14:12:21.453,7.0157,7.01715,1.60,1.00
2009.09.11 14:12:22.253,7.0157,7.01775,1.60,1.00
2009.09.11 14:12:22.603,7.0157,7.0177,1.60,1.20
2009.09.11 14:12:23.763,7.0157,7.01625,1.60,1.00
2009.09.11 14:12:24.112,7.0157,7.0174,1.60,1.20
2009.09.11 14:12:24.462,7.0157,7.0174,1.60,1.00
2009.09.11 14:12:24.793,7.0157,7.0171,1.60,4.00
2009.09.11 14:12:25.832,7.0157,7.017,1.60,1.00
2009.09.11 14:12:26.172,7.0157,7.0171,1.60,4.00
2009.09.11 14:12:26.842,7.0157,7.0176,1.60,1.00
2009.09.11 14:12:27.782,7.0157,7.0178,1.60,1.00
2009.09.11 14:12:28.062,7.0157,7.0177,1.60,1.00
2009.09.11 14:12:28.632,7.0157,7.0179,1.60,3.20
2009.09.11 14:12:28.982,7.0157,7.018,1.60,1.00
2009.09.11 14:12:29.391,7.0157,7.01935,1.60,1.00
2009.09.11 14:12:29.732,7.0157,7.0199,1.60,3.20
2009.09.11 14:12:30.081,7.0157,7.01965,1.60,3.20
2009.09.11 14:12:30.801,7.0157,7.01955,1.60,1.00
2009.09.11 14:12:31.491,7.0157,7.01955,1.60,1.20
2009.09.11 14:12:33.490,7.0157,7.01955,1.60,1.00
2009.09.11 14:12:34.930,7.0157,7.0189,1.60,1.00
2009.09.11 14:12:35.280,7.0157,7.01895,1.60,1.00
2009.09.11 14:12:35.630,7.0157,7.0197,1.60,1.20
2009.09.11 14:12:37.160,7.0157,7.01865,1.60,1.00
2009.09.11 14:12:40.290,7.0157,7.0177,1.60,1.20
2009.09.11 14:12:40.639,7.0157,7.01725,1.60,1.00
2009.09.11 14:12:40.929,7.0157,7.01865,1.60,3.20
2009.09.11 14:12:41.718,7.0157,7.01825,1.60,3.20
2009.09.11 14:12:42.098,7.0157,7.0183,1.60,3.20
2009.09.11 14:12:46.597,7.0157,7.0178,1.60,3.20
2009.09.11 14:12:47.127,7.0157,7.01725,1.60,1.00
2009.09.11 14:12:47.477,7.0157,7.01715,1.60,1.00
2009.09.11 14:12:48.177,7.0157,7.0165,1.60,1.20
2009.09.11 14:12:48.517,7.0157,7.0163,1.60,1.00
2009.09.11 14:12:48.926,7.0157,7.01625,1.60,1.00
2009.09.11 14:12:49.277,7.01305,7.01565,4.80,1.00
2009.09.11 14:12:49.626,7.01335,7.0165,1.00,1.00
2009.09.11 14:12:50.386,7.0136,7.01665,1.00,3.20
2009.09.11 14:12:50.736,7.01395,7.0166,1.20,1.00
2009.09.11 14:12:51.426,7.01395,7.0163,1.20,1.00
2009.09.11 14:12:51.716,7.01395,7.0166,1.20,1.00
2009.09.11 14:12:52.066,7.014,7.0163,1.00,1.00
2009.09.11 14:12:52.426,7.014,7.0161,1.20,1.00
2009.09.11 14:12:53.505,7.014,7.0158,1.00,1.00
2009.09.11 14:12:53.846,7.01345,7.0156,1.00,1.00
2009.09.11 14:12:54.176,7.01275,7.0151,1.00,1.00
2009.09.11 14:12:54.525,7.01275,7.0153,1.00,1.00
2009.09.11 14:12:55.375,7.0117,7.0146,1.00,1.00
2009.09.11 14:12:55.705,7.0118,7.0148,1.20,1.00
2009.09.11 14:12:56.055,7.01185,7.0146,1.00,1.00
2009.09.11 14:12:56.395,7.012,7.0144,1.00,1.00
2009.09.11 14:12:56.745,7.01195,7.0144,1.00,1.00
2009.09.11 14:12:58.084,7.01195,7.0141,1.00,1.00
2009.09.11 14:12:59.124,7.01195,7.0144,1.00,3.20
2009.09.11 14:12:59.984,7.01255,7.0144,1.00,3.20
2009.09.11 14:13:00.374,7.0123,7.0149,1.00,1.00
2009.09.11 14:13:00.714,7.0123,7.0149,1.20,1.00
2009.09.11 14:13:01.764,7.01275,7.0151,1.00,1.00
2009.09.11 14:13:02.113,7.01275,7.0151,1.20,1.00
2009.09.11 14:13:02.463,7.01265,7.0149,1.20,1.00
2009.09.11 14:13:03.503,7.01265,7.0151,1.20,1.00
2009.09.11 14:13:03.843,7.0127,7.0151,1.20,1.00
2009.09.11 14:13:04.253,7.0127,7.0146,1.20,1.00
2009.09.11 14:13:05.733,7.0127,7.0146,1.00,1.00
2009.09.11 14:13:06.072,7.01325,7.0161,1.00,3.20
2009.09.11 14:13:06.432,7.01345,7.01635,1.00,3.20
2009.09.11 14:13:06.772,7.01345,7.01605,1.00,3.20
2009.09.11 14:13:07.172,7.01345,7.016,1.00,3.20
2009.09.11 14:13:07.852,7.0134,7.0161,1.00,3.20
2009.09.11 14:13:08.202,7.0134,7.0161,1.20,3.20
2009.09.11 14:13:08.552,7.01345,7.016,1.00,3.20
2009.09.11 14:13:09.602,7.01345,7.0162,1.00,3.20
2009.09.11 14:13:09.952,7.01345,7.0162,1.20,3.20
2009.09.11 14:13:10.361,7.01345,7.0162,1.20,1.00
2009.09.11 14:13:10.831,7.01345,7.0157,1.00,1.00
2009.09.11 14:13:11.011,7.0134,7.0162,1.00,1.00
2009.09.11 14:13:11.191,7.0127,7.0157,1.00,1.00
2009.09.11 14:13:11.411,7.01145,7.01545,1.00,3.20
2009.09.11 14:13:11.581,7.01095,7.01545,3.20,3.20
2009.09.11 14:13:11.921,7.01115,7.01545,1.00,3.20
2009.09.11 14:13:12.271,7.01115,7.0154,1.00,3.20
2009.09.11 14:13:12.621,7.01135,7.0155,1.00,3.20
2009.09.11 14:13:14.160,7.01135,7.0156,3.60,3.20
2009.09.11 14:13:14.381,7.0124,7.0156,1.00,3.20
2009.09.11 14:13:14.550,7.01115,7.0156,3.20,3.20
2009.09.11 14:13:15.080,7.01105,7.0154,3.20,3.20
2009.09.11 14:13:15.480,7.0113,7.01565,3.20,3.20
2009.09.11 14:13:16.120,7.0114,7.0146,3.20,1.00
2009.09.11 14:13:16.510,7.0114,7.0146,3.20,1.20
2009.09.11 14:13:17.320,7.0115,7.0144,3.20,1.20
2009.09.11 14:13:17.670,7.0115,7.0144,3.20,1.00
2009.09.11 14:13:18.020,7.0116,7.01575,3.20,1.20
2009.09.11 14:13:18.360,7.0116,7.01575,3.20,1.00
2009.09.11 14:13:18.759,7.01165,7.0159,3.20,1.00
2009.09.11 14:13:19.440,7.0113,7.01545,3.20,3.20
2009.09.11 14:13:20.139,7.0114,7.01555,3.20,3.20
2009.09.11 14:13:20.699,7.0114,7.01555,4.00,3.20
2009.09.11 14:13:21.061,7.0119,7.01605,3.20,3.20
2009.09.11 14:13:21.409,7.01165,7.0158,3.20,3.20
2009.09.11 14:13:23.258,7.0117,7.01585,3.20,3.20
2009.09.11 14:13:23.608,7.0119,7.01585,1.00,3.20
2009.09.11 14:13:23.948,7.01245,7.0166,3.20,4.00
2009.09.11 14:13:24.288,7.0126,7.0166,3.20,1.00
2009.09.11 14:13:24.588,7.0126,7.01675,3.20,3.20
2009.09.11 14:13:25.278,7.0122,7.01635,3.20,3.20
2009.09.11 14:13:26.008,7.0123,7.01645,3.20,3.20
2009.09.11 14:13:27.057,7.0129,7.01705,3.20,3.20
2009.09.11 14:13:27.447,7.0129,7.0169,3.20,1.00
2009.09.11 14:13:27.787,7.0127,7.0163,3.20,1.00
2009.09.11 14:13:28.127,7.0127,7.0163,3.20,1.20
2009.09.11 14:13:28.477,7.01275,7.0163,3.20,1.20
2009.09.11 14:13:28.827,7.01235,7.0163,3.20,1.20
2009.09.11 14:13:29.177,7.01235,7.0153,3.20,1.00
2009.09.11 14:13:29.917,7.01235,7.0153,3.20,1.20
2009.09.11 14:13:30.837,7.0121,7.0151,3.20,1.20
2009.09.11 14:13:31.366,7.01215,7.0151,3.20,1.20
2009.09.11 14:13:31.816,7.01235,7.0151,3.20,1.00
2009.09.11 14:13:31.986,7.01235,7.01555,3.20,1.00
2009.09.11 14:13:33.376,7.0126,7.01555,3.20,1.00
2009.09.11 14:13:33.736,7.01235,7.01555,3.20,1.00
2009.09.11 14:13:34.836,7.0123,7.01555,3.20,1.00
2009.09.11 14:13:35.885,7.0124,7.01555,3.20,1.00
2009.09.11 14:13:36.385,7.0125,7.01555,3.20,1.00
2009.09.11 14:13:37.215,7.01215,7.01555,3.20,1.00
2009.09.11 14:13:38.254,7.01215,7.0156,3.20,1.00
2009.09.11 14:13:38.605,7.01215,7.0156,3.20,1.20
2009.09.11 14:13:38.954,7.01235,7.0156,3.20,1.20
2009.09.11 14:13:40.834,7.01215,7.0156,3.20,1.20
2009.09.11 14:13:41.114,7.01215,7.0156,3.20,1.00
2009.09.11 14:13:41.624,7.0132,7.01625,1.00,3.20
2009.09.11 14:13:42.014,7.0132,7.0168,1.00,1.00
2009.09.11 14:13:43.304,7.0136,7.01695,1.00,1.00
2009.09.11 14:13:43.604,7.0133,7.0168,1.00,3.20
2009.09.11 14:13:43.963,7.0129,7.0165,1.00,1.00
2009.09.11 14:13:44.303,7.0131,7.0167,1.00,1.00
2009.09.11 14:13:44.703,7.0133,7.01685,1.00,3.20
2009.09.11 14:13:45.033,7.0131,7.0167,4.00,1.00
2009.09.11 14:13:45.733,7.0131,7.0165,3.20,1.00
2009.09.11 14:13:46.373,7.0129,7.0165,1.60,3.20
2009.09.11 14:13:47.183,7.0129,7.0165,1.00,3.20
2009.09.11 14:13:47.872,7.0129,7.0165,1.60,3.20
2009.09.11 14:13:48.662,7.01265,7.016,3.20,1.00
2009.09.11 14:13:49.292,7.0124,7.016,1.60,1.00
2009.09.11 14:13:49.632,7.0124,7.0159,1.00,1.00
2009.09.11 14:13:49.962,7.0122,7.0158,1.00,1.00
2009.09.11 14:13:50.352,7.012,7.0151,1.00,1.00
2009.09.11 14:13:50.712,7.012,7.01515,1.00,1.00
2009.09.11 14:13:51.552,7.012,7.0149,1.00,1.00
2009.09.11 14:13:51.842,7.0118,7.0153,3.20,1.00
2009.09.11 14:13:52.181,7.01155,7.0151,3.20,1.60
2009.09.11 14:13:52.583,7.0117,7.01515,1.60,4.00
2009.09.11 14:13:52.931,7.01125,7.0148,3.20,1.00
2009.09.11 14:13:53.611,7.011,7.0146,1.00,1.00
2009.09.11 14:13:53.971,7.01095,7.0141,3.20,1.00
2009.09.11 14:13:54.371,7.0103,7.0139,1.00,1.60
2009.09.11 14:13:54.701,7.0105,7.01405,1.20,1.60
2009.09.11 14:13:55.051,7.0103,7.0139,1.00,1.60
2009.09.11 14:13:55.401,7.0099,7.0129,3.20,1.00
2009.09.11 14:13:56.221,7.0106,7.0134,1.00,2.40
2009.09.11 14:13:56.560,7.0106,7.0132,1.00,4.00
2009.09.11 14:13:56.910,7.01015,7.0128,1.00,3.20
2009.09.11 14:13:57.240,7.0103,7.0128,1.00,3.20
2009.09.11 14:13:57.590,7.0112,7.0129,1.00,1.00
2009.09.11 14:13:57.990,7.0112,7.0128,1.20,2.40
2009.09.11 14:13:58.670,7.0114,7.0132,1.00,1.00
2009.09.11 14:13:59.070,7.01135,7.0127,1.00,1.00
2009.09.11 14:13:59.420,7.0116,7.0132,1.00,1.60
2009.09.11 14:13:59.770,7.0116,7.0131,1.00,1.00
2009.09.11 14:14:00.539,7.0116,7.0131,1.00,2.40
2009.09.11 14:14:00.869,7.01145,7.0136,1.00,1.00
2009.09.11 14:14:01.229,7.01145,7.0134,1.00,1.00
2009.09.11 14:14:01.569,7.01085,7.0134,1.00,1.00
2009.09.11 14:14:01.919,7.01085,7.0136,1.20,3.20
2009.09.11 14:14:02.259,7.01085,7.0131,1.20,1.00
2009.09.11 14:14:02.669,7.01085,7.0134,1.20,1.00
2009.09.11 14:14:03.029,7.01085,7.0132,1.20,1.00
2009.09.11 14:14:03.319,7.01085,7.0135,1.20,1.00
2009.09.11 14:14:03.729,7.01085,7.01295,1.20,1.60
2009.09.11 14:14:04.059,7.01065,7.0123,1.00,1.00
2009.09.11 14:14:04.398,7.01045,7.0125,1.00,1.00
2009.09.11 14:14:05.149,7.01045,7.0124,1.20,1.00
2009.09.11 14:14:06.178,7.01045,7.0122,1.00,1.00
2009.09.11 14:14:06.568,7.0093,7.0122,1.00,1.00
2009.09.11 14:14:06.918,7.0087,7.0121,1.00,1.00
2009.09.11 14:14:07.258,7.0086,7.012,3.20,1.00
2009.09.11 14:14:07.618,7.00815,7.0118,1.20,1.00
2009.09.11 14:14:07.947,7.008,7.012,1.00,1.00
2009.09.11 14:14:08.227,7.00795,7.0118,3.20,1.00
2009.09.11 14:14:08.817,7.0079,7.0118,1.20,1.00
2009.09.11 14:14:09.747,7.0079,7.0115,1.20,1.00
2009.09.11 14:14:11.517,7.0079,7.0113,1.00,1.00
2009.09.11 14:14:11.697,7.0077,7.0115,3.20,1.00
2009.09.11 14:14:12.546,7.00775,7.0115,3.20,1.00
2009.09.11 14:14:13.816,7.0078,7.0117,1.00,1.00
2009.09.11 14:14:14.156,7.0086,7.01185,1.00,3.20
2009.09.11 14:14:14.496,7.00855,7.0122,1.00,4.80
2009.09.11 14:14:15.236,7.00875,7.0122,1.20,1.60
2009.09.11 14:14:15.576,7.00955,7.0122,1.20,1.60
2009.09.11 14:14:15.916,7.00955,7.0119,1.00,1.00
2009.09.11 14:14:16.316,7.00955,7.0122,1.00,1.00
2009.09.11 14:14:16.995,7.00975,7.0122,1.20,1.00
2009.09.11 14:14:17.335,7.00975,7.0119,1.20,1.00
2009.09.11 14:14:18.385,7.00975,7.0122,1.20,1.00
2009.09.11 14:14:18.735,7.00975,7.0124,1.20,1.00
2009.09.11 14:14:19.095,7.00975,7.0119,1.00,1.00
2009.09.11 14:14:19.435,7.00905,7.0119,1.00,1.00
2009.09.11 14:14:20.185,7.00975,7.0121,1.00,3.20
2009.09.11 14:14:20.545,7.00975,7.0122,1.00,1.00
2009.09.11 14:14:24.024,7.00975,7.0124,1.00,1.00
2009.09.11 14:14:24.404,7.00975,7.0125,1.00,1.00
2009.09.11 14:14:24.744,7.00975,7.0124,1.00,1.00
2009.09.11 14:14:25.083,7.00975,7.0124,1.20,1.00
2009.09.11 14:14:28.073,7.00975,7.0122,1.00,1.00
2009.09.11 14:14:28.413,7.0098,7.01255,1.00,3.20
2009.09.11 14:14:28.752,7.0093,7.0122,2.40,1.00
2009.09.11 14:14:29.102,7.0087,7.0122,1.00,1.00
2009.09.11 14:14:29.964,7.0087,7.0124,1.00,1.00
2009.09.11 14:14:31.282,7.0091,7.0127,1.20,1.00
2009.09.11 14:14:32.072,7.0091,7.0127,1.20,1.60
2009.09.11 14:14:33.781,7.0092,7.0129,1.60,1.00
2009.09.11 14:14:34.131,7.01005,7.0129,1.20,1.00
2009.09.11 14:14:36.411,7.01025,7.013,1.20,1.00
2009.09.11 14:14:37.740,7.01025,7.0127,1.20,1.00
2009.09.11 14:14:38.060,7.01025,7.013,1.20,1.00
2009.09.11 14:14:38.411,7.0106,7.0134,1.00,2.40
2009.09.11 14:14:38.690,7.01045,7.013,3.20,1.00
2009.09.11 14:14:39.080,7.01015,7.013,1.20,1.00
2009.09.11 14:14:39.430,7.01015,7.0127,1.20,1.00
2009.09.11 14:14:40.460,7.0106,7.013,1.00,1.00
2009.09.11 14:14:40.860,7.01055,7.0132,1.00,1.00
2009.09.11 14:14:41.200,7.01055,7.0132,1.20,1.00
2009.09.11 14:14:41.550,7.01055,7.013,1.20,1.00
2009.09.11 14:14:42.589,7.01055,7.0127,1.00,1.00
2009.09.11 14:14:42.939,7.01015,7.0127,1.20,1.00
2009.09.11 14:14:43.301,7.01015,7.013,1.20,1.00
2009.09.11 14:14:44.509,7.0103,7.0127,1.00,1.00
2009.09.11 14:14:44.849,7.01035,7.0127,1.00,1.00
2009.09.11 14:14:45.179,7.01035,7.0127,1.20,1.00
2009.09.11 14:14:45.509,7.01035,7.013,1.20,1.00
2009.09.11 14:14:46.359,7.01035,7.0131,1.20,1.00
2009.09.11 14:14:46.718,7.0106,7.0132,1.20,3.20
2009.09.11 14:14:47.058,7.0108,7.0134,1.20,1.00
2009.09.11 14:14:47.758,7.0108,7.0134,1.00,1.00
2009.09.11 14:14:48.748,7.0108,7.0134,1.00,1.00
2009.09.11 14:14:49.108,7.0108,7.0134,1.20,1.00
2009.09.11 14:14:49.437,7.0108,7.0134,1.00,1.00
2009.09.11 14:14:49.778,7.0095,7.0134,1.00,1.00
2009.09.11 14:14:50.627,7.0098,7.0137,1.00,1.00
2009.09.11 14:14:51.277,7.0097,7.0134,1.60,1.00
2009.09.11 14:14:51.727,7.0099,7.0134,1.00,1.00
2009.09.11 14:14:52.297,7.0097,7.0134,1.60,1.00
2009.09.11 14:14:53.027,7.0106,7.0136,1.20,1.00
2009.09.11 14:14:53.367,7.0111,7.0136,1.00,1.00
2009.09.11 14:14:53.757,7.0111,7.0137,1.00,1.00
2009.09.11 14:14:54.107,7.0113,7.0134,1.00,1.00
2009.09.11 14:14:55.187,7.0113,7.0136,1.00,1.60
2009.09.11 14:14:55.536,7.0113,7.0137,1.00,1.00
2009.09.11 14:14:58.585,7.0112,7.0139,1.20,1.00
2009.09.11 14:15:00.755,7.0112,7.0137,1.20,1.00
2009.09.11 14:15:01.105,7.0112,7.0138,1.20,1.00
2009.09.11 14:15:01.725,7.0112,7.0139,1.00,1.00
2009.09.11 14:15:02.005,7.01045,7.0139,1.20,1.00
2009.09.11 14:15:05.574,7.0109,7.014,1.00,1.00
2009.09.11 14:15:05.924,7.0109,7.0141,1.00,1.00
2009.09.11 14:15:06.434,7.01085,7.0141,1.20,1.00
2009.09.11 14:15:07.363,7.01085,7.0142,1.20,1.00
2009.09.11 14:15:08.923,7.01085,7.014,1.20,1.00
2009.09.11 14:15:11.403,7.0107,7.01415,1.20,3.20
2009.09.11 14:15:12.492,7.0107,7.014,1.20,1.00
2009.09.11 14:15:12.842,7.0107,7.0141,1.20,1.00
2009.09.11 14:15:13.122,7.01075,7.0142,1.20,1.00
2009.09.11 14:15:13.402,7.0107,7.0145,1.20,4.00
2009.09.11 14:15:13.692,7.01095,7.0142,1.00,1.00
2009.09.11 14:15:14.022,7.0109,7.0145,1.00,4.00
2009.09.11 14:15:14.382,7.0109,7.0145,1.00,1.00
2009.09.11 14:15:15.832,7.0115,7.0145,1.00,1.00
2009.09.11 14:15:17.541,7.0117,7.014,1.00,1.00
2009.09.11 14:15:17.901,7.0117,7.0135,1.00,1.00
2009.09.11 14:15:18.281,7.01105,7.0137,1.00,1.00
2009.09.11 14:15:18.621,7.01085,7.0137,1.20,1.00
2009.09.11 14:15:18.960,7.0111,7.0137,1.00,1.00
2009.09.11 14:15:19.340,7.0111,7.0137,1.20,1.00
2009.09.11 14:15:19.690,7.0111,7.01395,1.20,3.20
2009.09.11 14:15:20.041,7.0111,7.014,1.20,1.00
2009.09.11 14:15:21.350,7.01125,7.0142,1.20,1.00
2009.09.11 14:15:21.640,7.01125,7.0142,1.00,1.00
2009.09.11 14:15:21.920,7.0118,7.0137,1.00,1.00
2009.09.11 14:15:22.200,7.01125,7.0142,1.20,1.00
2009.09.11 14:15:22.540,7.0117,7.0142,1.20,1.00
2009.09.11 14:15:22.920,7.0117,7.01425,1.20,3.20
2009.09.11 14:15:23.320,7.0122,7.0146,1.00,1.00
2009.09.11 14:15:23.670,7.0122,7.0147,1.20,4.00
2009.09.11 14:15:24.029,7.0122,7.0147,1.20,1.00
2009.09.11 14:15:24.559,7.0122,7.0146,1.20,1.00
2009.09.11 14:15:25.759,7.0122,7.0144,1.00,1.00
2009.09.11 14:15:26.149,7.0107,7.0146,1.00,4.00
2009.09.11 14:15:26.709,7.0106,7.0145,1.00,1.00
2009.09.11 14:15:26.879,7.0106,7.0145,2.00,1.00
2009.09.11 14:15:27.099,7.0106,7.01445,2.00,1.60
2009.09.11 14:15:27.329,7.0111,7.0147,1.20,1.00
2009.09.11 14:15:27.669,7.0111,7.0147,2.00,1.00
2009.09.11 14:15:28.008,7.0111,7.0145,1.00,1.00
2009.09.11 14:15:28.348,7.0111,7.0143,1.00,1.00
2009.09.11 14:15:28.698,7.0111,7.0143,1.00,1.60
2009.09.11 14:15:29.108,7.0111,7.014,1.00,1.00
2009.09.11 14:15:29.448,7.0111,7.0138,1.00,1.00
2009.09.11 14:15:29.778,7.0111,7.0138,1.00,1.60
2009.09.11 14:15:30.188,7.0111,7.0137,1.00,1.00
2009.09.11 14:15:30.948,7.0111,7.0135,1.00,1.00
2009.09.11 14:15:31.748,7.0111,7.0136,1.00,1.20
2009.09.11 14:15:32.028,7.0111,7.0138,1.00,1.00
2009.09.11 14:15:33.357,7.0111,7.0134,1.00,1.00
2009.09.11 14:15:35.477,7.0115,7.0139,1.20,1.00
2009.09.11 14:15:35.827,7.0115,7.0137,1.20,1.00
2009.09.11 14:15:36.517,7.0115,7.0134,1.20,1.00
2009.09.11 14:15:37.916,7.0111,7.0133,1.00,1.60
2009.09.11 14:15:38.416,7.0111,7.013,1.00,1.00
2009.09.11 14:15:38.686,7.0111,7.0131,1.00,1.00
2009.09.11 14:15:39.036,7.0111,7.0126,1.00,1.00
2009.09.11 14:15:39.376,7.0111,7.0123,1.00,1.00
2009.09.11 14:15:39.736,7.0111,7.0124,1.00,1.00
2009.09.11 14:15:41.146,7.0111,7.0121,1.00,1.00
2009.09.11 14:15:42.715,7.0111,7.0119,1.00,1.00
2009.09.11 14:15:43.415,7.0111,7.0118,1.00,1.00
2009.09.11 14:15:44.544,7.0111,7.0121,1.00,1.00
2009.09.11 14:15:44.894,7.0111,7.012,1.00,1.00
2009.09.11 14:15:45.184,7.0111,7.0123,1.00,1.00
2009.09.11 14:15:45.544,7.0111,7.0121,1.00,1.00
2009.09.11 14:15:46.234,7.0111,7.0119,1.00,1.00
2009.09.11 14:15:46.614,7.0111,7.0122,1.00,1.00
2009.09.11 14:15:47.314,7.0111,7.0118,1.00,1.00
2009.09.11 14:15:47.664,7.0111,7.0114,1.00,1.00
2009.09.11 14:15:50.033,7.0111,7.0119,1.00,1.00
2009.09.11 14:15:50.389,7.0111,7.0122,1.00,1.00
2009.09.11 14:15:53.592,7.0111,7.012,1.00,1.00
2009.09.11 14:15:53.862,7.0111,7.0119,1.00,1.00
2009.09.11 14:15:54.142,7.0111,7.0115,1.00,1.00
2009.09.11 14:15:54.382,7.0111,7.0116,1.00,1.00
2009.09.11 14:15:56.011,7.0111,7.0112,1.00,1.00
2009.09.11 14:15:56.281,7.0111,7.0114,1.00,1.00
2009.09.11 14:15:56.552,7.0111,7.0116,1.00,1.00
2009.09.11 14:15:58.681,7.0111,7.0115,1.00,1.00
2009.09.11 14:15:59.371,7.0111,7.0121,1.00,1.00
2009.09.11 14:16:01.400,7.0111,7.012,1.00,1.00
2009.09.11 14:16:04.570,7.0111,7.0121,1.00,1.00
2009.09.11 14:16:06.829,7.0111,7.0123,1.00,1.00
2009.09.11 14:16:07.359,7.0111,7.0125,1.00,1.00
2009.09.11 14:16:07.699,7.0111,7.0121,1.00,1.00
2009.09.11 14:16:09.419,7.0111,7.0133,1.00,2.40
2009.09.11 14:16:09.529,7.0111,7.0138,1.00,1.00
2009.09.11 14:16:12.158,7.0111,7.0139,1.00,3.20
2009.09.11 14:16:12.398,7.0111,7.0139,1.00,1.00
2009.09.11 14:16:17.986,7.0111,7.0139,1.40,1.00
2009.09.11 14:16:19.526,7.0111,7.0141,2.20,1.00
2009.09.11 14:16:20.566,7.0111,7.0141,3.00,1.00
2009.09.11 14:16:20.906,7.0114,7.0144,1.00,1.00
2009.09.11 14:16:26.584,7.0112,7.014,1.00,2.40
2009.09.11 14:16:26.854,7.0112,7.0139,1.00,1.00
2009.09.11 14:16:27.124,7.0113,7.0139,1.00,1.00
2009.09.11 14:16:27.404,7.01165,7.0146,1.00,1.00
2009.09.11 14:16:27.974,7.01195,7.0149,1.00,1.00
2009.09.11 14:16:29.014,7.012,7.0149,1.00,1.00
2009.09.11 14:16:29.774,7.012,7.0146,1.00,1.00
2009.09.11 14:16:30.293,7.0121,7.0149,1.00,2.40
2009.09.11 14:16:30.413,7.0121,7.0151,1.00,1.00
2009.09.11 14:16:31.733,7.012,7.01455,1.40,1.60
2009.09.11 14:16:32.073,7.012,7.01455,1.00,1.60
2009.09.11 14:16:33.173,7.012,7.0145,1.00,1.00
2009.09.11 14:16:33.853,7.012,7.0139,1.00,1.00
2009.09.11 14:16:34.482,7.0121,7.0139,1.00,1.00
2009.09.11 14:16:36.592,7.012,7.014,1.40,1.00
2009.09.11 14:16:36.762,7.0122,7.0142,1.00,1.00
2009.09.11 14:16:36.982,7.0125,7.0143,1.00,1.00
2009.09.11 14:16:39.791,7.01255,7.0143,1.00,1.00
2009.09.11 14:16:40.261,7.0126,7.0143,1.00,1.00
2009.09.11 14:16:40.601,7.0126,7.0143,1.20,1.00
2009.09.11 14:16:42.490,7.0126,7.0144,1.00,1.00
2009.09.11 14:16:42.770,7.0126,7.0142,1.00,1.00
2009.09.11 14:16:43.460,7.0126,7.0142,1.00,1.00
2009.09.11 14:16:43.810,7.0126,7.0138,1.00,1.00
2009.09.11 14:16:46.290,7.0126,7.0138,1.00,1.00
2009.09.11 14:16:48.969,7.0126,7.0135,1.00,1.00
2009.09.11 14:16:49.239,7.0126,7.013,1.00,1.00
2009.09.11 14:16:50.609,7.0126,7.0131,1.00,1.00
2009.09.11 14:16:51.868,7.0126,7.013,1.00,1.00
2009.09.11 14:16:52.898,7.0126,7.0128,1.00,1.00
2009.09.11 14:16:53.758,7.0126,7.0129,1.00,1.00
2009.09.11 14:16:55.028,7.0126,7.0128,1.00,1.00
2009.09.11 14:16:57.567,7.0103,7.0124,1.00,1.00
2009.09.11 14:16:58.617,7.0105,7.0119,1.00,1.00
2009.09.11 14:16:58.967,7.0107,7.0124,1.00,1.00
2009.09.11 14:16:59.747,7.0103,7.0123,1.00,1.00
2009.09.11 14:17:00.086,7.0105,7.0123,1.00,1.00
2009.09.11 14:17:00.317,7.0108,7.0123,1.00,1.00
2009.09.11 14:17:00.546,7.0105,7.0125,1.00,1.00
2009.09.11 14:17:02.756,7.0108,7.0128,1.00,1.00
2009.09.11 14:17:03.035,7.0108,7.0125,1.00,1.00
2009.09.11 14:17:03.386,7.0108,7.0123,1.00,1.00
2009.09.11 14:17:03.725,7.0107,7.0123,1.00,1.00
2009.09.11 14:17:04.065,7.0105,7.0125,1.00,1.00
2009.09.11 14:17:05.265,7.0102,7.0118,1.00,1.00
2009.09.11 14:17:05.566,7.0105,7.0125,1.00,1.00
2009.09.11 14:17:05.835,7.0108,7.0128,1.00,1.00
2009.09.11 14:17:06.405,7.0108,7.0127,1.00,1.00
2009.09.11 14:17:06.805,7.0108,7.0128,1.00,1.00
2009.09.11 14:17:07.145,7.0108,7.0127,1.00,1.00
2009.09.11 14:17:08.544,7.0108,7.0128,1.00,1.00
2009.09.11 14:17:09.584,7.0108,7.0128,1.00,1.00
2009.09.11 14:17:10.774,7.0108,7.0128,1.00,1.00
2009.09.11 14:17:10.894,7.0108,7.0128,1.00,1.00
2009.09.11 14:17:12.203,7.0113,7.0129,1.00,1.00
2009.09.11 14:17:16.392,7.0113,7.0129,1.00,1.00
2009.09.11 14:17:17.642,7.0113,7.0128,1.00,1.00
2009.09.11 14:17:17.922,7.0113,7.0128,1.00,1.00
2009.09.11 14:17:19.262,7.0111,7.0128,1.00,1.00
2009.09.11 14:17:19.612,7.0111,7.0128,1.20,1.00
2009.09.11 14:17:19.911,7.0113,7.0129,1.00,1.00
2009.09.11 14:17:20.601,7.0111,7.0126,1.20,1.00
2009.09.11 14:17:20.962,7.0111,7.0128,1.00,1.00
2009.09.11 14:17:21.291,7.0119,7.0123,1.00,1.00
2009.09.11 14:17:21.861,7.01185,7.0123,1.00,1.00
2009.09.11 14:17:23.941,7.01205,7.0126,1.00,1.00
2009.09.11 14:17:29.689,7.01205,7.0123,1.00,1.00
2009.09.11 14:17:30.249,7.01205,7.0123,1.00,1.00
2009.09.11 14:17:33.019,7.01205,7.0123,1.00,1.00
2009.09.11 14:17:33.369,7.01205,7.0127,1.00,1.00
2009.09.11 14:17:34.068,7.01205,7.0129,1.00,1.00
2009.09.11 14:17:35.198,7.01205,7.0124,1.00,1.00
2009.09.11 14:17:35.898,7.01205,7.0126,1.00,1.00
2009.09.11 14:17:36.247,7.01205,7.0124,1.00,1.00
2009.09.11 14:17:36.587,7.01205,7.0128,1.00,1.00
2009.09.11 14:17:38.077,7.01205,7.0124,1.00,1.00
2009.09.11 14:17:38.407,7.01205,7.0122,1.00,1.00
2009.09.11 14:17:41.256,7.01205,7.0122,1.00,1.00
2009.09.11 14:17:42.756,7.01195,7.012,1.00,1.00
2009.09.11 14:17:43.446,7.01195,7.012,1.00,1.00
2009.09.11 14:17:44.945,7.01195,7.012,1.00,1.00
2009.09.11 14:17:45.456,7.01195,7.012,1.00,1.00
2009.09.11 14:17:45.735,7.01195,7.0121,1.00,1.00
2009.09.11 14:17:45.965,7.01205,7.0125,1.00,1.00
2009.09.11 14:17:46.895,7.01105,7.0125,1.00,1.00
2009.09.11 14:17:47.235,7.01105,7.0125,1.00,1.00
2009.09.11 14:17:49.234,7.01125,7.0123,1.00,1.00
2009.09.11 14:17:50.335,7.01125,7.0122,1.00,1.00
2009.09.11 14:17:51.074,7.01125,7.0125,1.00,1.00
2009.09.11 14:17:51.954,7.01125,7.0122,1.00,1.00
2009.09.11 14:17:56.033,7.01125,7.0121,1.00,1.00
2009.09.11 14:17:57.433,7.01125,7.0122,1.00,1.00
2009.09.11 14:18:00.072,7.01125,7.0119,1.00,1.00
2009.09.11 14:18:00.642,7.01125,7.0122,1.00,1.00
2009.09.11 14:18:01.391,7.01125,7.0119,1.00,1.00
2009.09.11 14:18:01.672,7.01125,7.0122,1.00,1.00
2009.09.11 14:18:03.001,7.01125,7.0129,1.00,4.00
2009.09.11 14:18:03.341,7.01125,7.0122,1.00,1.00
2009.09.11 14:18:05.560,7.01125,7.0121,1.00,1.00
2009.09.11 14:18:06.750,7.01125,7.0122,1.00,1.00
2009.09.11 14:18:10.129,7.012,7.0127,1.00,4.00
2009.09.11 14:18:10.349,7.0118,7.0119,1.00,1.10
2009.09.11 14:18:11.209,7.0112,7.0117,1.90,1.00
2009.09.11 14:18:11.559,7.0112,7.0117,1.90,1.20
2009.09.11 14:18:12.999,7.0112,7.0116,1.90,1.00
2009.09.11 14:18:13.349,7.011,7.0117,1.00,1.20
2009.09.11 14:18:13.748,7.01175,7.0118,1.00,1.00
2009.09.11 14:18:15.918,7.01205,7.0122,1.00,1.00
2009.09.11 14:18:19.537,7.01185,7.0119,1.00,1.00
2009.09.11 14:18:19.837,7.01185,7.0119,1.00,1.00
2009.09.11 14:18:22.017,7.01205,7.01255,1.00,3.20
2009.09.11 14:18:23.426,7.01205,7.0122,1.00,4.00
2009.09.11 14:18:23.596,7.01165,7.0117,3.60,1.00
2009.09.11 14:18:23.826,7.01205,7.0122,1.00,4.00
2009.09.11 14:18:23.996,7.01205,7.0122,1.00,4.00
2009.09.11 14:18:26.875,7.01165,7.0117,1.10,1.00
2009.09.11 14:18:26.935,7.0112,7.0115,2.30,1.00
2009.09.11 14:18:27.635,7.0112,7.0113,2.60,1.00
2009.09.11 14:18:28.725,7.011,7.0113,1.00,1.00
2009.09.11 14:18:30.215,7.0112,7.0117,1.00,1.00
2009.09.11 14:18:31.334,7.0112,7.0119,1.00,1.00
2009.09.11 14:18:31.744,7.0112,7.0117,1.00,1.00
2009.09.11 14:18:32.494,7.0112,7.0119,1.00,1.00
2009.09.11 14:18:32.854,7.0112,7.0117,1.00,1.00
2009.09.11 14:18:33.554,7.0112,7.0117,1.00,1.00
2009.09.11 14:18:34.933,7.0112,7.0117,1.00,1.10
2009.09.11 14:18:35.843,7.0112,7.0117,1.00,1.00
2009.09.11 14:18:36.133,7.0112,7.0119,1.00,1.10
2009.09.11 14:18:37.173,7.0112,7.0117,1.00,1.00
2009.09.11 14:18:37.863,7.0112,7.0119,1.00,1.10
2009.09.11 14:18:38.213,7.0112,7.0117,1.00,1.00
2009.09.11 14:18:38.962,7.0112,7.0122,1.00,3.50
2009.09.11 14:18:39.262,7.0112,7.0122,1.00,1.00
2009.09.11 14:18:40.292,7.0112,7.0117,1.00,1.00
2009.09.11 14:18:44.341,7.0112,7.0123,1.00,2.40
2009.09.11 14:18:44.741,7.0112,7.0127,1.00,2.40
2009.09.11 14:18:46.071,7.0113,7.0127,1.00,2.40
2009.09.11 14:18:46.475,7.0113,7.0127,1.20,2.40
2009.09.11 14:18:47.710,7.0113,7.0127,1.30,2.40
2009.09.11 14:18:48.290,7.0113,7.0127,1.20,2.50
2009.09.11 14:18:48.800,7.0113,7.0126,1.20,2.40
2009.09.11 14:18:48.960,7.0114,7.0126,1.00,2.40
2009.09.11 14:18:49.130,7.0114,7.013,1.00,2.40
2009.09.11 14:18:49.700,7.0114,7.013,1.00,2.40
2009.09.11 14:18:50.890,7.0113,7.0129,1.30,1.00
2009.09.11 14:18:51.190,7.0114,7.0128,1.00,2.40
2009.09.11 14:18:51.479,7.0114,7.013,1.00,2.40
2009.09.11 14:18:52.759,7.0114,7.0128,1.00,2.40
2009.09.11 14:18:57.778,7.0115,7.0128,1.00,2.40
2009.09.11 14:18:58.128,7.01155,7.013,1.20,2.40
2009.09.11 14:18:59.287,7.01155,7.0128,1.20,2.40
2009.09.11 14:19:00.297,7.01155,7.013,1.20,2.40
2009.09.11 14:19:02.437,7.01155,7.0128,1.20,2.40
2009.09.11 14:19:02.787,7.0116,7.0134,1.00,1.00
2009.09.11 14:19:03.077,7.0116,7.0136,1.00,1.00
2009.09.11 14:19:03.357,7.01185,7.0132,1.00,2.40
2009.09.11 14:19:03.647,7.01185,7.0132,1.20,2.40
2009.09.11 14:19:04.936,7.01185,7.013,1.20,2.40
2009.09.11 14:19:06.336,7.01185,7.0132,1.20,2.50
2009.09.11 14:19:06.916,7.0119,7.0132,1.00,2.40
2009.09.11 14:19:08.355,7.01185,7.0128,1.00,1.00
2009.09.11 14:19:09.105,7.0113,7.0128,1.00,1.00
2009.09.11 14:19:09.895,7.0113,7.013,1.00,3.20
2009.09.11 14:19:10.875,7.0113,7.013,1.00,1.00
2009.09.11 14:19:11.155,7.0113,7.0129,1.00,1.00
2009.09.11 14:19:12.095,7.0113,7.0128,1.00,1.00
2009.09.11 14:19:13.034,7.01185,7.0134,1.20,2.40
2009.09.11 14:19:14.304,7.01185,7.0136,1.20,2.40
2009.09.11 14:19:15.484,7.01185,7.0138,1.20,2.40
2009.09.11 14:19:15.884,7.0123,7.0138,1.00,2.40
2009.09.11 14:19:19.803,7.01225,7.0133,1.00,1.00
2009.09.11 14:19:20.103,7.0111,7.0133,1.00,1.00
2009.09.11 14:19:20.812,7.0111,7.0135,1.00,3.20
2009.09.11 14:19:21.162,7.0113,7.0135,1.00,1.00
2009.09.11 14:19:22.562,7.0113,7.0138,1.00,1.00
2009.09.11 14:19:22.782,7.0113,7.0138,1.00,1.60
2009.09.11 14:19:25.411,7.0113,7.0137,1.00,1.00
2009.09.11 14:19:29.630,7.0113,7.0134,1.00,1.00
2009.09.11 14:19:29.860,7.0113,7.0132,1.00,1.00
2009.09.11 14:19:30.270,7.01205,7.0138,1.00,2.40
2009.09.11 14:19:30.940,7.01205,7.0143,1.00,1.00
2009.09.11 14:19:31.660,7.0111,7.0137,1.00,1.00
2009.09.11 14:19:34.679,7.0113,7.0132,1.00,1.00
2009.09.11 14:19:36.308,7.0113,7.0132,1.00,1.60
2009.09.11 14:19:37.339,7.0113,7.013,1.00,1.00
2009.09.11 14:19:38.408,7.0113,7.0129,1.00,1.00
2009.09.11 14:19:39.138,7.0113,7.0128,1.00,1.00
2009.09.11 14:19:39.988,7.0113,7.0125,1.00,1.00
2009.09.11 14:19:40.228,7.0113,7.0121,1.00,1.00
2009.09.11 14:19:40.847,7.0113,7.0126,1.00,1.00
2009.09.11 14:19:42.837,7.0113,7.0124,1.00,1.00
2009.09.11 14:19:44.567,7.0113,7.0128,1.00,1.00
2009.09.11 14:19:46.366,7.0113,7.0127,1.00,1.00
2009.09.11 14:19:46.606,7.0113,7.0124,1.00,1.00
2009.09.11 14:19:46.786,7.0113,7.0123,1.00,1.00
2009.09.11 14:19:47.936,7.0113,7.0127,1.00,1.00
2009.09.11 14:19:52.135,7.0114,7.0131,1.00,2.40
2009.09.11 14:19:52.645,7.0114,7.0142,1.20,3.20
2009.09.11 14:19:53.584,7.01205,7.0142,1.00,2.40
2009.09.11 14:19:53.885,7.01205,7.0142,1.20,1.00
2009.09.11 14:19:56.024,7.01205,7.014,1.20,1.00
2009.09.11 14:19:57.063,7.01205,7.0142,1.20,3.20
2009.09.11 14:19:57.343,7.01205,7.0142,1.20,1.00
2009.09.11 14:19:58.363,7.01205,7.0142,1.00,1.00
2009.09.11 14:19:59.413,7.01205,7.014,1.00,1.00
2009.09.11 14:19:59.763,7.01205,7.0136,1.00,1.00
2009.09.11 14:20:00.053,7.0113,7.0136,1.20,1.00
2009.09.11 14:20:00.753,7.0113,7.0134,1.20,1.00
2009.09.11 14:20:03.092,7.01195,7.0138,1.00,1.00
2009.09.11 14:20:03.492,7.01195,7.0139,1.20,1.00
2009.09.11 14:20:09.291,7.01215,7.0141,1.20,2.40
2009.09.11 14:20:09.631,7.01215,7.0142,1.20,1.00
2009.09.11 14:20:10.470,7.01215,7.0139,1.20,1.00
2009.09.11 14:20:11.490,7.0124,7.01505,1.00,1.60
2009.09.11 14:20:11.780,7.01315,7.0153,1.00,2.40
2009.09.11 14:20:12.020,7.01315,7.0159,1.20,1.00
2009.09.11 14:20:12.300,7.01315,7.0154,1.00,3.20
2009.09.11 14:20:12.690,7.0121,7.0152,1.20,3.20
2009.09.11 14:20:14.739,7.0123,7.0148,1.20,3.20
2009.09.11 14:20:16.659,7.0123,7.0148,1.00,3.20
2009.09.11 14:20:17.049,7.01155,7.01475,1.20,3.20
2009.09.11 14:20:19.868,7.0113,7.014,1.00,1.00
2009.09.11 14:20:20.208,7.0113,7.0133,1.00,1.00
2009.09.11 14:20:22.987,7.0113,7.0126,1.00,1.00
2009.09.11 14:20:23.277,7.0113,7.0126,1.00,1.00
2009.09.11 14:20:23.617,7.0113,7.0124,1.00,1.00
2009.09.11 14:20:23.958,7.0113,7.0121,1.00,1.00
2009.09.11 14:20:27.177,7.0113,7.0126,1.00,1.00
2009.09.11 14:20:27.286,7.0113,7.0131,1.00,1.00
2009.09.11 14:20:29.366,7.0114,7.0135,1.00,2.40
2009.09.11 14:20:29.716,7.0118,7.0138,1.00,1.00
2009.09.11 14:20:30.445,7.0118,7.0138,1.00,1.00
2009.09.11 14:20:30.776,7.0117,7.0137,1.00,1.00
2009.09.11 14:20:31.176,7.0117,7.0133,1.00,1.00
2009.09.11 14:20:32.105,7.0114,7.0135,1.00,1.00
2009.09.11 14:20:32.445,7.0113,7.0129,1.00,1.00
2009.09.11 14:20:33.525,7.0113,7.0129,1.00,1.00
2009.09.11 14:20:34.895,7.0113,7.0132,1.00,1.00
2009.09.11 14:20:35.245,7.0113,7.0129,1.00,1.00
2009.09.11 14:20:38.444,7.0113,7.0127,1.00,1.00
2009.09.11 14:20:39.694,7.0113,7.0128,1.00,1.00
2009.09.11 14:20:40.313,7.0113,7.0126,1.00,1.00
2009.09.11 14:20:41.683,7.0113,7.0128,1.00,1.00
2009.09.11 14:20:43.352,7.0113,7.0131,1.00,1.00
2009.09.11 14:20:47.272,7.0113,7.013,1.00,1.00
2009.09.11 14:20:47.382,7.0113,7.0128,1.00,1.00
2009.09.11 14:20:47.502,7.0113,7.013,1.00,1.00
2009.09.11 14:20:48.062,7.0113,7.0123,1.00,1.00
2009.09.11 14:20:50.621,7.0113,7.0118,1.00,1.00
2009.09.11 14:20:53.050,7.0113,7.0121,1.00,1.00
2009.09.11 14:20:53.390,7.0113,7.0118,1.00,1.00
2009.09.11 14:20:55.250,7.0113,7.0118,1.00,1.00
2009.09.11 14:20:58.709,7.0113,7.0118,1.00,1.00
2009.09.11 14:21:01.968,7.0113,7.0119,1.00,1.00
2009.09.11 14:21:07.337,7.0113,7.0126,1.00,1.00
2009.09.11 14:21:07.687,7.0113,7.0131,1.00,1.00
2009.09.11 14:21:10.546,7.0113,7.0133,1.00,1.00
2009.09.11 14:21:10.886,7.0113,7.0131,1.00,1.00
2009.09.11 14:21:12.486,7.0113,7.0128,1.00,1.00
2009.09.11 14:21:15.095,7.0113,7.0129,1.00,1.00
2009.09.11 14:21:16.645,7.0113,7.0126,1.00,1.00
2009.09.11 14:21:17.494,7.0113,7.01225,1.00,1.00
2009.09.11 14:21:17.654,7.0113,7.0122,1.00,1.00
2009.09.11 14:21:17.834,7.0113,7.0122,1.00,1.20
2009.09.11 14:21:18.064,7.0113,7.0122,1.00,1.00
2009.09.11 14:21:18.594,7.0113,7.0124,1.00,1.00
2009.09.11 14:21:21.703,7.0113,7.0121,1.00,1.00
2009.09.11 14:21:23.023,7.0113,7.0119,1.00,1.00
2009.09.11 14:21:26.982,7.0113,7.0121,1.00,1.00
2009.09.11 14:21:29.002,7.0113,7.0123,1.00,1.00
2009.09.11 14:21:29.241,7.0113,7.0121,1.00,1.00
2009.09.11 14:21:33.710,7.0113,7.0126,1.00,1.20
2009.09.11 14:21:34.061,7.0113,7.0126,1.00,1.00
2009.09.11 14:21:37.700,7.0113,7.0121,1.00,1.00
2009.09.11 14:21:45.487,7.0113,7.0123,1.00,1.20
2009.09.11 14:21:45.667,7.0113,7.0121,1.00,1.00
2009.09.11 14:21:46.817,7.0084,7.009,1.00,1.00
2009.09.11 14:21:46.937,7.007,7.0089,1.00,1.00
2009.09.11 14:21:47.107,7.0058,7.0089,1.00,1.00
2009.09.11 14:21:47.337,7.0058,7.009,1.00,1.00
2009.09.11 14:21:48.377,7.0065,7.0088,1.00,1.00
2009.09.11 14:21:48.717,7.0062,7.0086,1.00,1.00
2009.09.11 14:21:51.336,7.0062,7.0086,1.00,1.60
2009.09.11 14:21:51.926,7.0062,7.0082,1.00,1.00
2009.09.11 14:21:52.966,7.0062,7.0081,1.00,1.00
2009.09.11 14:21:53.256,7.0066,7.0081,1.00,1.00
2009.09.11 14:21:53.666,7.0067,7.0086,1.00,1.00
2009.09.11 14:21:54.415,7.0072,7.0089,1.00,1.00
2009.09.11 14:21:54.775,7.0066,7.0086,1.00,1.00
2009.09.11 14:21:55.115,7.0067,7.0086,1.00,1.00
2009.09.11 14:21:55.815,7.00675,7.0086,1.00,1.00
2009.09.11 14:21:56.145,7.0069,7.0086,1.00,1.00
2009.09.11 14:21:56.545,7.0069,7.0089,1.00,1.00
2009.09.11 14:21:59.204,7.0076,7.0091,1.00,1.00
2009.09.11 14:22:00.584,7.0074,7.0094,1.00,1.00
2009.09.11 14:22:01.264,7.0074,7.0088,1.00,1.00
2009.09.11 14:22:01.554,7.0072,7.0092,1.00,1.00
2009.09.11 14:22:01.844,7.0071,7.0093,1.00,1.00
2009.09.11 14:22:02.203,7.0072,7.0092,1.00,1.00
2009.09.11 14:22:02.474,7.0077,7.0095,1.00,1.00
2009.09.11 14:22:02.803,7.0076,7.0096,1.00,1.00
2009.09.11 14:22:03.083,7.0074,7.0094,1.00,1.00
2009.09.11 14:22:03.783,7.0077,7.0095,1.00,1.00
2009.09.11 14:22:04.173,7.0078,7.0094,1.00,1.00
2009.09.11 14:22:04.493,7.0081,7.0096,1.00,1.00
2009.09.11 14:22:06.323,7.008,7.0095,1.20,1.00
2009.09.11 14:22:07.653,7.0081,7.0095,1.00,1.00
2009.09.11 14:22:08.003,7.008,7.0095,1.20,1.00
2009.09.11 14:22:08.352,7.0081,7.0095,1.00,1.00
2009.09.11 14:22:10.822,7.0082,7.01,1.00,1.00
2009.09.11 14:22:11.771,7.0082,7.0099,1.00,1.00
2009.09.11 14:22:17.030,7.0087,7.01,1.00,1.00
2009.09.11 14:22:19.899,7.0091,7.0103,1.00,1.00
2009.09.11 14:22:20.079,7.0091,7.0104,1.00,1.00
2009.09.11 14:22:20.589,7.0087,7.0104,1.00,1.00
2009.09.11 14:22:24.988,7.00845,7.0105,1.20,1.00
2009.09.11 14:22:26.458,7.00845,7.0104,1.20,1.00
2009.09.11 14:22:27.347,7.00845,7.0103,1.20,1.00
2009.09.11 14:22:28.437,7.00845,7.0102,1.20,1.00
2009.09.11 14:22:28.767,7.0086,7.0104,1.00,1.00
2009.09.11 14:22:29.517,7.0085,7.0105,1.00,1.00
2009.09.11 14:22:30.167,7.0086,7.0104,1.00,1.00
2009.09.11 14:22:31.666,7.0086,7.0103,1.00,1.00
2009.09.11 14:22:37.675,7.0087,7.0105,1.00,1.00
2009.09.11 14:22:37.855,7.00895,7.0107,1.00,1.00
2009.09.11 14:22:38.215,7.00895,7.0105,1.20,1.00
2009.09.11 14:22:38.915,7.00895,7.0103,1.20,1.00
2009.09.11 14:22:39.145,7.00895,7.0107,1.20,1.00
2009.09.11 14:22:41.564,7.0091,7.0107,1.00,1.00
2009.09.11 14:22:41.924,7.00945,7.0112,1.00,1.00
2009.09.11 14:22:42.264,7.00945,7.0112,1.20,1.00
2009.09.11 14:22:42.674,7.00945,7.0112,1.00,1.00
2009.09.11 14:22:44.833,7.00945,7.0112,1.00,1.00
2009.09.11 14:22:45.663,7.00945,7.0112,1.00,1.00
2009.09.11 14:22:45.953,7.00945,7.0109,1.00,1.00
2009.09.11 14:22:46.233,7.00945,7.0111,1.00,1.00
2009.09.11 14:22:46.463,7.00945,7.0112,1.00,1.00
2009.09.11 14:22:46.733,7.00945,7.0111,1.00,1.00
2009.09.11 14:22:47.073,7.00945,7.0107,1.00,1.00
2009.09.11 14:22:47.462,7.00945,7.0106,1.00,1.00
2009.09.11 14:22:47.793,7.00945,7.0107,1.00,1.00
2009.09.11 14:22:50.362,7.00945,7.0106,1.00,1.00
2009.09.11 14:22:51.722,7.00945,7.0107,1.00,1.00
2009.09.11 14:22:52.071,7.00945,7.0106,1.00,1.00
2009.09.11 14:22:52.971,7.00945,7.0107,1.00,1.00
2009.09.11 14:22:54.241,7.00945,7.0106,1.00,1.00
2009.09.11 14:22:54.571,7.0097,7.0112,1.00,1.00
2009.09.11 14:22:54.921,7.00945,7.0111,1.00,1.00
2009.09.11 14:22:56.001,7.00945,7.0112,1.00,1.00
2009.09.11 14:22:56.351,7.0094,7.0111,1.00,1.00
2009.09.11 14:22:56.810,7.0094,7.0111,1.20,1.00
2009.09.11 14:22:57.301,7.0094,7.0107,1.20,1.00
2009.09.11 14:22:59.370,7.0094,7.0106,1.20,1.00
2009.09.11 14:22:59.709,7.0094,7.0107,1.20,1.00
2009.09.11 14:23:00.389,7.0094,7.0106,1.20,1.00
2009.09.11 14:23:00.779,7.0094,7.0107,1.20,1.00
2009.09.11 14:23:01.129,7.00945,7.0111,1.00,1.00
2009.09.11 14:23:01.880,7.0094,7.0112,1.20,1.00
2009.09.11 14:23:02.169,7.0094,7.0111,1.20,1.00
2009.09.11 14:23:02.449,7.0094,7.0112,1.20,1.00
2009.09.11 14:23:02.679,7.0094,7.0111,1.20,1.00
2009.09.11 14:23:03.429,7.0094,7.0112,1.20,1.00
2009.09.11 14:23:03.779,7.0094,7.0111,1.20,1.00
2009.09.11 14:23:04.129,7.0094,7.0107,1.20,1.00
2009.09.11 14:23:04.479,7.0094,7.0106,1.20,1.00
2009.09.11 14:23:05.948,7.0094,7.0107,1.00,1.00
2009.09.11 14:23:06.339,7.00895,7.0106,1.00,1.00
2009.09.11 14:23:06.678,7.00895,7.0102,1.00,1.00
2009.09.11 14:23:07.288,7.0084,7.0101,1.00,1.00
2009.09.11 14:23:07.809,7.0084,7.0097,1.00,1.00
2009.09.11 14:23:08.168,7.0084,7.0097,1.20,1.00
2009.09.11 14:23:08.568,7.00845,7.0101,1.00,1.00
2009.09.11 14:23:08.918,7.00845,7.0101,1.20,1.00
2009.09.11 14:23:09.267,7.0084,7.0101,1.20,1.00
2009.09.11 14:23:10.397,7.00905,7.0101,1.00,1.00
2009.09.11 14:23:12.507,7.00925,7.0097,1.00,1.00
2009.09.11 14:23:12.847,7.009,7.0097,1.00,1.00
2009.09.11 14:23:13.187,7.009,7.0092,1.00,1.00
2009.09.11 14:23:13.526,7.00735,7.0092,1.00,1.00
2009.09.11 14:23:14.056,7.00825,7.0092,1.00,1.00
2009.09.11 14:23:14.277,7.00825,7.009,1.00,1.00
2009.09.11 14:23:14.506,7.00735,7.009,1.00,1.00
2009.09.11 14:23:14.736,7.0081,7.009,1.00,1.00
2009.09.11 14:23:15.476,7.0081,7.0088,1.00,1.00
2009.09.11 14:23:15.876,7.0083,7.0092,1.00,1.00
2009.09.11 14:23:16.236,7.0083,7.0088,1.00,1.00
2009.09.11 14:23:16.925,7.0083,7.0087,1.00,1.00
2009.09.11 14:23:17.316,7.0083,7.0088,1.00,1.00
2009.09.11 14:23:19.185,7.0083,7.0092,1.00,1.00
2009.09.11 14:23:20.035,7.0083,7.0093,1.00,1.00
2009.09.11 14:23:20.335,7.0083,7.0092,1.00,1.00
2009.09.11 14:23:20.955,7.0083,7.009,1.00,1.00
2009.09.11 14:23:22.944,7.0083,7.0092,1.00,1.00
2009.09.11 14:23:23.834,7.0083,7.009,1.00,1.00
2009.09.11 14:23:24.524,7.0083,7.0092,1.00,1.00
2009.09.11 14:23:27.803,7.0083,7.009,1.00,1.00
2009.09.11 14:23:27.983,7.0079,7.0083,1.00,1.00
2009.09.11 14:23:28.163,7.0079,7.009,1.00,1.00
2009.09.11 14:23:28.973,7.0079,7.0085,1.00,1.00
2009.09.11 14:23:29.313,7.0079,7.009,1.00,1.00
2009.09.11 14:23:29.653,7.0079,7.0087,1.00,1.00
2009.09.11 14:23:29.952,7.0079,7.009,1.00,1.00
2009.09.11 14:23:30.303,7.0079,7.0092,1.00,1.00
2009.09.11 14:23:30.692,7.0085,7.0092,1.00,1.00
2009.09.11 14:23:31.382,7.00775,7.0085,1.20,1.00
2009.09.11 14:23:32.002,7.0081,7.009,1.00,1.00
2009.09.11 14:23:32.392,7.0081,7.009,1.00,1.00
2009.09.11 14:23:32.612,7.0079,7.0088,1.00,1.00
2009.09.11 14:23:32.772,7.0079,7.0092,1.00,1.00
2009.09.11 14:23:35.241,7.00795,7.0088,1.00,1.00
2009.09.11 14:23:35.601,7.00795,7.0087,1.00,1.00
2009.09.11 14:23:35.931,7.0077,7.0083,1.00,1.00
2009.09.11 14:23:36.321,7.0077,7.0082,1.00,1.00
2009.09.11 14:23:37.571,7.00755,7.0082,1.00,1.00
2009.09.11 14:23:38.820,7.00745,7.0077,1.00,1.00
2009.09.11 14:23:40.030,7.00745,7.0078,1.00,1.00
2009.09.11 14:23:40.370,7.00725,7.00745,1.00,1.00
2009.09.11 14:23:40.720,7.00685,7.0079,1.00,5.80
2009.09.11 14:23:41.050,7.00685,7.0073,1.00,1.00
2009.09.11 14:23:41.450,7.00715,7.0074,1.00,3.20
2009.09.11 14:23:41.790,7.00715,7.0073,1.00,1.00
2009.09.11 14:23:43.219,7.0056,7.0073,1.00,1.00
2009.09.11 14:23:43.439,7.0071,7.0073,1.00,1.00
2009.09.11 14:23:43.669,7.007,7.0071,1.10,1.00
2009.09.11 14:23:43.909,7.0068,7.0069,3.40,1.00
2009.09.11 14:23:44.269,7.00705,7.00755,1.00,4.80
2009.09.11 14:23:45.299,7.0058,7.0066,5.80,1.00
2009.09.11 14:23:45.649,7.0056,7.0066,1.00,1.00
2009.09.11 14:23:45.989,7.0056,7.0061,1.00,1.00
2009.09.11 14:23:48.658,7.0058,7.0059,1.00,1.00
2009.09.11 14:23:50.688,7.0058,7.0061,1.00,4.00
2009.09.11 14:23:51.041,7.0058,7.0059,1.00,1.00
2009.09.11 14:23:51.667,7.0058,7.0062,1.00,5.60
2009.09.11 14:23:52.027,7.0058,7.006,1.00,4.80
2009.09.11 14:23:53.387,7.0058,7.006,1.00,3.20
2009.09.11 14:23:53.627,7.0058,7.0059,1.00,1.00
2009.09.11 14:23:54.017,7.0058,7.0059,1.00,1.60
2009.09.11 14:23:54.367,7.0058,7.0061,1.00,1.60
2009.09.11 14:23:55.406,7.0028,7.0057,2.40,1.00
2009.09.11 14:23:55.816,7.0025,7.0057,1.00,1.00
2009.09.11 14:23:56.166,7.0027,7.0059,1.00,1.00
2009.09.11 14:23:56.506,7.0054,7.0061,1.00,1.60
2009.09.11 14:23:56.856,7.0028,7.0054,2.40,1.00
2009.09.11 14:23:57.206,7.0054,7.0059,1.00,1.00
2009.09.11 14:24:00.295,7.0058,7.0063,1.00,4.80
2009.09.11 14:24:00.585,7.0058,7.0059,1.00,1.00
