2012.01.31 13:00:00.410,6.75078,6.7524,1.50,1.13
2012.01.31 13:00:00.548,6.75078,6.7524,1.50,1.13
2012.01.31 13:00:00.618,6.75078,6.75239,1.50,1.13
2012.01.31 13:00:00.977,6.75067,6.75237,1.50,1.50
2012.01.31 13:00:01.726,6.75064,6.75226,1.50,2.25
2012.01.31 13:00:01.940,6.75072,6.75235,1.50,1.13
2012.01.31 13:00:02.194,6.75072,6.75236,1.50,2.25
2012.01.31 13:00:02.624,6.75051,6.75213,1.50,1.50
2012.01.31 13:00:03.876,6.75043,6.75205,1.13,1.50
2012.01.31 13:00:04.267,6.75041,6.75205,1.50,1.50
2012.01.31 13:00:04.421,6.7504,6.75191,1.13,1.50
2012.01.31 13:00:05.142,6.75027,6.75186,1.50,1.50
2012.01.31 13:00:05.897,6.75027,6.75186,1.50,1.50
2012.01.31 13:00:06.021,6.75027,6.75186,1.50,1.50
2012.01.31 13:00:06.502,6.75027,6.75186,1.50,1.50
2012.01.31 13:00:06.735,6.75038,6.75191,1.13,1.50
2012.01.31 13:00:06.810,6.75038,6.75219,1.88,1.50
2012.01.31 13:00:06.888,6.75038,6.75219,1.88,1.50
2012.01.31 13:00:07.020,6.75047,6.75229,1.50,1.50
2012.01.31 13:00:07.097,6.75047,6.75229,1.50,1.50
2012.01.31 13:00:07.171,6.75065,6.75229,1.50,1.50
2012.01.31 13:00:07.323,6.75077,6.75246,1.50,1.50
2012.01.31 13:00:08.156,6.75121,6.75256,1.13,1.50
2012.01.31 13:00:08.488,6.75121,6.75277,1.13,1.28
2012.01.31 13:00:09.415,6.75121,6.75267,1.13,1.28
2012.01.31 13:00:09.929,6.75121,6.75267,1.13,1.28
2012.01.31 13:00:10.264,6.75133,6.7526,1.13,1.28
2012.01.31 13:00:10.638,6.75133,6.7526,1.13,1.28
2012.01.31 13:00:10.764,6.75133,6.75261,1.13,1.28
2012.01.31 13:00:10.841,6.75118,6.75259,1.50,1.28
2012.01.31 13:00:10.920,6.75093,6.75256,1.13,1.50
2012.01.31 13:00:11.061,6.75093,6.75227,1.13,1.35
2012.01.31 13:00:11.139,6.75073,6.75225,1.13,1.35
2012.01.31 13:00:11.206,6.75073,6.75219,1.13,1.50
2012.01.31 13:00:11.582,6.75073,6.75219,1.13,1.50
2012.01.31 13:00:12.014,6.75073,6.75207,1.13,1.50
2012.01.31 13:00:12.345,6.75064,6.75204,1.13,1.50
2012.01.31 13:00:12.674,6.75087,6.75217,1.13,1.50
2012.01.31 13:00:12.742,6.75087,6.75217,1.13,1.50
2012.01.31 13:00:14.444,6.75079,6.75225,1.13,1.35
2012.01.31 13:00:17.373,6.75078,6.75218,1.13,1.50
2012.01.31 13:00:18.975,6.75078,6.75218,1.13,1.50
2012.01.31 13:00:20.864,6.75067,6.75214,1.50,1.50
2012.01.31 13:00:21.086,6.75076,6.75214,1.13,1.50
2012.01.31 13:00:21.211,6.75068,6.75214,1.50,1.50
2012.01.31 13:00:21.283,6.75063,6.75214,1.13,1.50
2012.01.31 13:00:21.353,6.75063,6.75214,1.13,1.50
2012.01.31 13:00:21.664,6.75063,6.75222,1.13,1.50
2012.01.31 13:00:21.736,6.75086,6.75227,1.50,1.35
2012.01.31 13:00:21.808,6.75086,6.75227,1.50,1.35
2012.01.31 13:00:22.634,6.75088,6.75227,1.13,1.35
2012.01.31 13:00:22.956,6.75088,6.75227,1.13,1.35
2012.01.31 13:00:26.094,6.75094,6.75249,1.13,1.35
2012.01.31 13:00:26.167,6.75124,6.75251,1.13,1.50
2012.01.31 13:00:26.238,6.75124,6.75257,1.13,2.25
2012.01.31 13:00:26.304,6.75124,6.75257,1.13,1.50
2012.01.31 13:00:29.011,6.75133,6.75269,1.13,1.50
2012.01.31 13:00:29.313,6.75133,6.75268,1.13,1.50
2012.01.31 13:00:33.172,6.7513,6.75268,1.13,1.50
2012.01.31 13:00:33.999,6.7513,6.75272,1.13,1.35
2012.01.31 13:00:34.072,6.7513,6.75274,1.13,1.35
2012.01.31 13:00:34.205,6.7513,6.75278,1.13,1.50
2012.01.31 13:00:34.278,6.75153,6.75296,1.50,1.50
2012.01.31 13:00:34.352,6.75153,6.75305,1.50,1.50
2012.01.31 13:00:34.785,6.75151,6.75292,1.13,1.50
2012.01.31 13:00:34.856,6.75151,6.75292,1.13,1.50
2012.01.31 13:00:35.144,6.75151,6.75292,1.13,1.50
2012.01.31 13:00:37.019,6.75136,6.75292,1.13,1.50
2012.01.31 13:00:37.243,6.75136,6.75292,1.13,1.50
2012.01.31 13:00:37.694,6.7513,6.75287,1.50,1.50
2012.01.31 13:00:38.783,6.75144,6.75305,1.50,1.35
2012.01.31 13:00:38.973,6.75144,6.75305,1.50,1.35
2012.01.31 13:00:39.703,6.75148,6.7531,1.50,1.50
2012.01.31 13:00:39.774,6.75128,6.7531,1.13,1.50
2012.01.31 13:00:40.021,6.75128,6.75315,1.88,1.50
2012.01.31 13:00:40.213,6.75128,6.75293,1.13,1.50
2012.01.31 13:00:40.282,6.75128,6.75287,1.13,1.50
2012.01.31 13:00:40.649,6.75128,6.75287,1.13,1.50
2012.01.31 13:00:41.326,6.75145,6.75298,1.50,1.35
2012.01.31 13:00:41.394,6.75145,6.75298,1.50,1.35
2012.01.31 13:00:41.466,6.75145,6.75298,1.50,1.35
2012.01.31 13:00:43.343,6.75145,6.75307,1.50,1.50
2012.01.31 13:00:43.709,6.75134,6.75297,1.13,1.50
2012.01.31 13:00:44.065,6.75134,6.75287,1.13,1.50
2012.01.31 13:00:44.516,6.75134,6.75286,1.13,1.50
2012.01.31 13:00:44.727,6.75134,6.75286,1.13,1.50
2012.01.31 13:00:46.043,6.75124,6.75304,1.13,1.50
2012.01.31 13:00:46.547,6.75124,6.75306,1.13,1.50
2012.01.31 13:00:47.166,6.75124,6.75306,1.13,1.50
2012.01.31 13:00:47.965,6.75124,6.75306,1.13,1.50
2012.01.31 13:00:49.053,6.75125,6.75306,1.13,1.50
2012.01.31 13:00:49.242,6.75125,6.75317,1.13,1.50
2012.01.31 13:00:49.880,6.75125,6.75317,1.13,1.50
2012.01.31 13:00:50.421,6.75147,6.75327,1.13,2.10
2012.01.31 13:00:50.779,6.75147,6.75327,1.13,2.10
2012.01.31 13:00:50.854,6.75144,6.75327,1.13,2.10
2012.01.31 13:00:52.734,6.7514,6.75327,1.13,2.10
2012.01.31 13:00:53.081,6.7514,6.75327,1.13,2.10
2012.01.31 13:00:53.157,6.7514,6.75327,1.13,2.10
2012.01.31 13:00:53.224,6.7514,6.75327,1.13,2.10
2012.01.31 13:00:53.847,6.7514,6.75327,1.13,2.10
2012.01.31 13:00:55.398,6.75137,6.75327,1.13,2.10
2012.01.31 13:00:55.773,6.75137,6.75327,1.13,2.10
2012.01.31 13:00:55.937,6.75137,6.75327,1.13,2.10
2012.01.31 13:00:56.285,6.75142,6.75327,1.13,2.10
2012.01.31 13:00:56.604,6.75142,6.75327,1.13,2.10
2012.01.31 13:00:56.673,6.75142,6.75327,1.13,2.10
2012.01.31 13:00:59.533,6.75135,6.75327,1.13,2.10
2012.01.31 13:01:00.204,6.75159,6.75327,1.50,2.10
2012.01.31 13:01:00.274,6.75159,6.75327,1.50,2.10
2012.01.31 13:01:00.341,6.75159,6.75327,1.50,2.10
2012.01.31 13:01:00.666,6.75159,6.75321,1.50,1.50
2012.01.31 13:01:00.843,6.75159,6.75321,1.50,1.50
2012.01.31 13:01:00.954,6.7515,6.75317,1.50,1.50
2012.01.31 13:01:01.413,6.75135,6.75317,1.13,1.50
2012.01.31 13:01:02.763,6.75135,6.75317,1.13,1.50
2012.01.31 13:01:02.856,6.7515,6.75317,1.50,1.50
2012.01.31 13:01:03.423,6.7515,6.75317,1.50,1.50
2012.01.31 13:01:03.857,6.7515,6.75312,1.50,1.50
2012.01.31 13:01:04.264,6.7515,6.75312,1.50,1.50
2012.01.31 13:01:04.685,6.75154,6.75318,1.50,1.50
2012.01.31 13:01:05.092,6.75154,6.75318,1.50,1.50
2012.01.31 13:01:05.217,6.75147,6.75297,1.50,1.50
2012.01.31 13:01:05.595,6.75146,6.75297,1.50,1.50
2012.01.31 13:01:05.662,6.75146,6.75297,1.50,1.50
2012.01.31 13:01:06.085,6.75146,6.75297,1.50,1.50
2012.01.31 13:01:06.235,6.75156,6.75297,1.50,1.50
2012.01.31 13:01:06.371,6.75156,6.75297,1.50,1.50
2012.01.31 13:01:07.071,6.7517,6.75306,1.50,1.50
2012.01.31 13:01:07.815,6.7517,6.75306,1.50,1.50
2012.01.31 13:01:07.883,6.7517,6.75306,1.50,1.50
2012.01.31 13:01:08.091,6.7517,6.75306,1.50,1.50
2012.01.31 13:01:08.367,6.75168,6.75306,1.50,1.50
2012.01.31 13:01:09.019,6.75168,6.75306,1.50,1.50
2012.01.31 13:01:10.261,6.75168,6.75306,1.50,1.50
2012.01.31 13:01:10.403,6.7517,6.75306,1.50,1.50
2012.01.31 13:01:10.474,6.7517,6.75327,1.50,1.35
2012.01.31 13:01:10.548,6.75159,6.75357,1.13,1.50
2012.01.31 13:01:10.616,6.75159,6.75357,1.13,1.50
2012.01.31 13:01:10.748,6.75159,6.7536,1.13,1.13
2012.01.31 13:01:12.471,6.75178,6.7535,1.50,1.50
2012.01.31 13:01:12.880,6.75148,6.75345,1.50,1.13
2012.01.31 13:01:12.963,6.75139,6.75303,1.50,1.50
2012.01.31 13:01:13.038,6.75139,6.75303,1.50,1.50
2012.01.31 13:01:13.362,6.75147,6.75313,1.13,1.50
2012.01.31 13:01:13.433,6.75147,6.75318,1.13,1.35
2012.01.31 13:01:13.510,6.75147,6.75344,1.13,2.25
2012.01.31 13:01:13.785,6.75155,6.75354,1.13,1.88
2012.01.31 13:01:13.987,6.75155,6.75354,1.13,1.13
2012.01.31 13:01:14.552,6.75158,6.75361,1.50,1.50
2012.01.31 13:01:14.923,6.75169,6.75366,1.13,2.25
2012.01.31 13:01:15.000,6.75187,6.7537,1.50,1.13
2012.01.31 13:01:16.202,6.75177,6.75376,1.50,1.50
2012.01.31 13:01:17.085,6.75177,6.75376,1.50,1.50
2012.01.31 13:01:18.163,6.75188,6.75372,1.50,1.35
2012.01.31 13:01:18.472,6.75208,6.75351,1.50,1.35
2012.01.31 13:01:18.814,6.75192,6.75346,1.13,1.50
2012.01.31 13:01:19.705,6.75172,6.75336,1.50,1.50
2012.01.31 13:01:19.955,6.75172,6.75332,1.50,1.50
2012.01.31 13:01:20.343,6.75172,6.75332,1.50,1.50
2012.01.31 13:01:20.580,6.75157,6.75317,1.13,1.50
2012.01.31 13:01:20.654,6.75157,6.75316,1.13,1.50
2012.01.31 13:01:22.117,6.75163,6.75322,1.50,1.50
2012.01.31 13:01:22.616,6.75188,6.75325,1.50,1.50
2012.01.31 13:01:22.756,6.75198,6.75356,1.50,1.50
2012.01.31 13:01:22.839,6.7522,6.75356,1.13,1.50
2012.01.31 13:01:23.090,6.75241,6.75372,1.50,1.50
2012.01.31 13:01:23.705,6.75241,6.75372,1.50,1.50
2012.01.31 13:01:25.163,6.75241,6.75372,1.50,1.50
2012.01.31 13:01:25.235,6.75251,6.75376,1.50,1.50
2012.01.31 13:01:25.306,6.75251,6.75376,1.50,1.50
2012.01.31 13:01:25.375,6.75251,6.75397,1.50,1.35
2012.01.31 13:01:25.692,6.75253,6.75397,1.13,1.35
2012.01.31 13:01:25.770,6.75265,6.75397,1.50,1.35
2012.01.31 13:01:26.178,6.75277,6.75421,1.50,1.50
2012.01.31 13:01:26.262,6.75277,6.75421,1.50,1.50
2012.01.31 13:01:27.055,6.75277,6.75421,1.50,1.50
2012.01.31 13:01:27.123,6.75277,6.75421,1.50,1.50
2012.01.31 13:01:27.878,6.7523,6.75387,1.50,1.50
2012.01.31 13:01:27.955,6.7523,6.75394,1.50,1.50
2012.01.31 13:01:28.061,6.7523,6.75394,1.50,1.50
2012.01.31 13:01:28.225,6.7523,6.75394,1.50,1.50
2012.01.31 13:01:28.536,6.7523,6.75394,1.50,1.50
2012.01.31 13:01:29.006,6.7523,6.75379,1.50,1.50
2012.01.31 13:01:29.074,6.7523,6.75379,1.50,1.50
2012.01.31 13:01:29.203,6.7523,6.75366,1.50,1.35
2012.01.31 13:01:29.583,6.75218,6.7536,1.50,1.35
2012.01.31 13:01:29.881,6.75227,6.7536,1.50,2.10
2012.01.31 13:01:30.074,6.752,6.75348,1.13,1.50
2012.01.31 13:01:30.222,6.752,6.75348,1.13,1.50
2012.01.31 13:01:31.501,6.75199,6.75348,1.50,1.50
2012.01.31 13:01:31.806,6.75199,6.75348,1.50,1.50
2012.01.31 13:01:32.796,6.75199,6.75348,1.13,1.50
2012.01.31 13:01:33.014,6.75206,6.75348,1.50,1.50
2012.01.31 13:01:33.085,6.75206,6.75358,1.50,1.50
2012.01.31 13:01:33.750,6.75214,6.75359,1.13,1.50
2012.01.31 13:01:37.735,6.75209,6.75359,1.50,1.50
2012.01.31 13:01:38.099,6.75209,6.75359,1.50,1.50
2012.01.31 13:01:38.213,6.75209,6.75359,1.50,1.50
2012.01.31 13:01:38.436,6.75209,6.75359,1.50,1.50
2012.01.31 13:01:38.924,6.75209,6.75359,1.50,1.50
2012.01.31 13:01:40.520,6.75209,6.75359,1.50,1.50
2012.01.31 13:01:40.733,6.75209,6.75359,1.50,1.50
2012.01.31 13:01:44.763,6.75205,6.75359,1.50,1.50
2012.01.31 13:01:44.984,6.75205,6.75359,1.50,1.50
2012.01.31 13:01:46.123,6.75208,6.75359,1.50,1.50
2012.01.31 13:01:46.515,6.75208,6.75359,1.50,1.50
2012.01.31 13:01:49.220,6.75212,6.75359,1.50,1.50
2012.01.31 13:01:49.552,6.75224,6.7536,1.50,1.35
2012.01.31 13:01:50.315,6.75224,6.75367,1.50,1.35
2012.01.31 13:01:50.383,6.75224,6.75367,1.50,1.35
2012.01.31 13:01:50.539,6.75224,6.7536,1.50,1.35
2012.01.31 13:01:51.748,6.75224,6.7536,1.50,1.35
2012.01.31 13:01:52.508,6.75229,6.7536,1.50,1.35
2012.01.31 13:01:52.636,6.75228,6.7536,1.50,1.35
2012.01.31 13:01:52.708,6.75228,6.7536,1.50,1.35
2012.01.31 13:01:52.850,6.75196,6.75358,1.50,2.25
2012.01.31 13:01:52.985,6.75196,6.75358,1.50,2.25
2012.01.31 13:01:53.537,6.75196,6.75343,1.50,1.50
2012.01.31 13:01:54.106,6.75196,6.75343,1.13,1.50
2012.01.31 13:01:54.181,6.75196,6.75343,1.13,1.50
2012.01.31 13:01:54.584,6.75196,6.75343,1.13,1.50
2012.01.31 13:01:54.778,6.75196,6.75346,1.13,1.50
2012.01.31 13:01:54.849,6.75196,6.75354,1.13,1.50
2012.01.31 13:01:55.847,6.75211,6.75354,1.50,1.50
2012.01.31 13:01:56.471,6.75223,6.75357,1.50,1.50
2012.01.31 13:01:58.096,6.75223,6.7536,1.50,1.35
2012.01.31 13:01:58.743,6.75223,6.7536,1.50,1.35
2012.01.31 13:02:00.243,6.75223,6.75357,1.50,1.50
2012.01.31 13:02:00.955,6.75223,6.75357,1.50,1.50
2012.01.31 13:02:01.238,6.75215,6.75357,1.50,1.50
2012.01.31 13:02:02.244,6.75215,6.75357,1.50,1.50
2012.01.31 13:02:02.545,6.75222,6.75357,1.50,1.50
2012.01.31 13:02:03.198,6.75217,6.75357,1.50,1.50
2012.01.31 13:02:04.468,6.75261,6.75377,1.50,1.50
2012.01.31 13:02:04.836,6.75261,6.7541,1.50,1.50
2012.01.31 13:02:04.913,6.75261,6.75419,1.50,1.50
2012.01.31 13:02:06.228,6.75271,6.75418,1.50,1.50
2012.01.31 13:02:07.029,6.75251,6.75406,1.13,1.50
2012.01.31 13:02:07.103,6.75251,6.75406,1.13,1.50
2012.01.31 13:02:07.967,6.75258,6.75406,1.13,1.50
2012.01.31 13:02:09.177,6.75262,6.75418,1.50,1.50
2012.01.31 13:02:10.222,6.75262,6.75418,1.50,1.50
2012.01.31 13:02:10.293,6.75262,6.75418,1.50,1.50
2012.01.31 13:02:10.494,6.75258,6.75418,1.13,1.50
2012.01.31 13:02:10.746,6.75248,6.75396,1.13,1.50
2012.01.31 13:02:12.215,6.75249,6.75396,1.13,1.50
2012.01.31 13:02:12.945,6.75238,6.75396,1.50,1.50
2012.01.31 13:02:13.210,6.75238,6.75396,1.50,1.50
2012.01.31 13:02:13.418,6.75228,6.75386,1.88,1.50
2012.01.31 13:02:13.675,6.75237,6.75397,1.50,1.50
2012.01.31 13:02:14.392,6.75237,6.75397,1.50,1.50
2012.01.31 13:02:14.785,6.75237,6.75397,1.50,1.50
2012.01.31 13:02:14.858,6.75217,6.75376,1.50,1.50
2012.01.31 13:02:15.403,6.75226,6.75376,1.50,1.50
2012.01.31 13:02:16.166,6.75212,6.75376,1.13,1.50
2012.01.31 13:02:16.295,6.752,6.75337,1.50,1.50
2012.01.31 13:02:16.482,6.752,6.75321,1.50,1.13
2012.01.31 13:02:16.793,6.75177,6.75316,1.50,1.50
2012.01.31 13:02:17.739,6.75177,6.75316,1.50,1.50
2012.01.31 13:02:18.229,6.75182,6.75316,1.50,1.50
2012.01.31 13:02:18.739,6.75158,6.75268,1.13,1.13
2012.01.31 13:02:19.247,6.75183,6.75316,1.50,1.50
2012.01.31 13:02:19.556,6.75183,6.75326,1.50,1.50
2012.01.31 13:02:20.496,6.75204,6.75326,1.50,1.50
2012.01.31 13:02:20.563,6.75204,6.75326,1.50,1.50
2012.01.31 13:02:21.114,6.75204,6.75326,1.50,1.50
2012.01.31 13:02:22.216,6.75204,6.75326,1.50,1.50
2012.01.31 13:02:23.745,6.752,6.75326,1.50,1.50
2012.01.31 13:02:23.812,6.752,6.75326,1.50,1.50
2012.01.31 13:02:25.238,6.752,6.75326,1.50,1.50
2012.01.31 13:02:26.256,6.752,6.75326,1.50,1.50
2012.01.31 13:02:26.906,6.75218,6.75356,1.50,1.50
2012.01.31 13:02:26.973,6.75225,6.75356,1.50,1.50
2012.01.31 13:02:27.288,6.75227,6.75372,1.50,1.50
2012.01.31 13:02:27.640,6.75257,6.75386,1.13,1.50
2012.01.31 13:02:27.777,6.75198,6.7533,2.25,1.35
2012.01.31 13:02:27.849,6.75198,6.75327,2.25,1.35
2012.01.31 13:02:27.920,6.75166,6.75327,1.50,1.35
2012.01.31 13:02:27.997,6.7521,6.75376,1.35,2.25
2012.01.31 13:02:28.068,6.7521,6.75376,1.35,2.00
2012.01.31 13:02:28.486,6.75206,6.75385,2.25,1.10
2012.01.31 13:02:28.562,6.75208,6.75385,1.50,1.35
2012.01.31 13:02:28.695,6.75197,6.75385,1.50,1.35
2012.01.31 13:02:28.996,6.75194,6.75356,1.50,2.25
2012.01.31 13:02:29.070,6.75194,6.75356,1.50,2.25
2012.01.31 13:02:29.148,6.75194,6.75356,1.50,2.25
2012.01.31 13:02:29.214,6.75194,6.75363,1.50,3.00
2012.01.31 13:02:29.361,6.75214,6.75363,1.50,2.25
2012.01.31 13:02:29.436,6.75214,6.75382,1.50,3.00
2012.01.31 13:02:29.509,6.75214,6.75382,1.50,3.00
2012.01.31 13:02:29.837,6.75214,6.75395,1.50,1.50
2012.01.31 13:02:30.265,6.75226,6.75395,1.50,1.50
2012.01.31 13:02:30.344,6.75226,6.75403,1.50,1.50
2012.01.31 13:02:30.421,6.75226,6.75403,1.50,1.50
2012.01.31 13:02:30.493,6.75226,6.75403,1.50,1.50
2012.01.31 13:02:30.579,6.75226,6.75403,1.50,1.50
2012.01.31 13:02:31.128,6.75226,6.75388,1.50,1.50
2012.01.31 13:02:31.566,6.75226,6.75388,1.50,1.50
2012.01.31 13:02:31.636,6.75226,6.75397,1.50,1.50
2012.01.31 13:02:31.706,6.75226,6.75388,1.50,1.35
2012.01.31 13:02:32.101,6.75217,6.7538,1.50,1.35
2012.01.31 13:02:32.416,6.75187,6.75349,1.50,1.50
2012.01.31 13:02:32.664,6.75187,6.75341,1.50,1.50
2012.01.31 13:02:32.769,6.75187,6.75341,1.50,1.50
2012.01.31 13:02:33.032,6.75167,6.75341,1.50,1.50
2012.01.31 13:02:33.294,6.75167,6.75341,1.50,1.50
2012.01.31 13:02:33.361,6.75195,6.75341,1.50,1.50
2012.01.31 13:02:33.572,6.75188,6.7535,1.50,1.50
2012.01.31 13:02:33.647,6.75188,6.7535,1.50,1.50
2012.01.31 13:02:34.268,6.75188,6.7535,1.50,1.50
2012.01.31 13:02:34.336,6.75177,6.7535,1.50,1.50
2012.01.31 13:02:35.405,6.75187,6.7535,1.50,1.50
2012.01.31 13:02:35.532,6.75168,6.75343,1.50,1.50
2012.01.31 13:02:35.759,6.75168,6.75343,1.50,1.50
2012.01.31 13:02:35.917,6.75187,6.75343,1.50,1.50
2012.01.31 13:02:36.420,6.75188,6.7535,1.50,1.50
2012.01.31 13:02:36.735,6.75178,6.75361,1.50,1.50
2012.01.31 13:02:36.869,6.75178,6.75353,1.50,1.50
2012.01.31 13:02:37.125,6.75178,6.75343,1.50,1.50
2012.01.31 13:02:37.423,6.75157,6.75344,1.50,1.50
2012.01.31 13:02:37.615,6.75157,6.7537,1.50,1.50
2012.01.31 13:02:37.744,6.75178,6.7537,1.50,1.50
2012.01.31 13:02:37.813,6.75178,6.75373,1.50,1.50
2012.01.31 13:02:38.877,6.75168,6.75346,1.50,1.50
2012.01.31 13:02:38.974,6.75128,6.75345,1.50,2.25
2012.01.31 13:02:39.049,6.75128,6.75345,1.50,2.25
2012.01.31 13:02:39.199,6.75137,6.75345,1.50,2.25
2012.01.31 13:02:39.962,6.75125,6.75324,1.13,1.35
2012.01.31 13:02:40.277,6.75125,6.75302,1.13,3.00
2012.01.31 13:02:40.406,6.75125,6.75324,1.13,1.50
2012.01.31 13:02:40.724,6.75125,6.75326,1.13,1.50
2012.01.31 13:02:40.863,6.75134,6.75346,1.13,1.50
2012.01.31 13:02:43.324,6.75148,6.75346,1.50,1.13
2012.01.31 13:02:44.278,6.75168,6.75355,1.50,1.50
2012.01.31 13:02:44.603,6.75178,6.75356,1.50,1.13
2012.01.31 13:02:47.033,6.75157,6.75372,1.50,1.13
2012.01.31 13:02:47.341,6.75227,6.75386,1.13,1.50
2012.01.31 13:02:48.004,6.75205,6.75367,1.13,1.50
2012.01.31 13:02:48.075,6.75205,6.75363,1.13,1.50
2012.01.31 13:02:48.477,6.75204,6.75353,1.13,1.50
2012.01.31 13:02:48.552,6.75205,6.75372,1.13,1.50
2012.01.31 13:02:48.902,6.75202,6.75374,1.13,1.50
2012.01.31 13:02:50.014,6.75205,6.75382,1.13,1.50
2012.01.31 13:02:50.455,6.75218,6.75386,1.50,1.50
2012.01.31 13:02:50.896,6.75228,6.75387,1.50,1.50
2012.01.31 13:02:51.104,6.75228,6.75387,1.50,1.50
2012.01.31 13:02:51.723,6.75217,6.75387,1.88,1.50
2012.01.31 13:02:52.824,6.75218,6.75387,1.50,1.50
2012.01.31 13:02:54.058,6.75216,6.75377,1.13,1.50
2012.01.31 13:02:54.130,6.75201,6.75377,1.13,1.50
2012.01.31 13:02:55.019,6.75218,6.75376,1.50,1.50
2012.01.31 13:02:55.287,6.75218,6.75376,1.50,1.50
2012.01.31 13:02:55.934,6.75207,6.75377,1.13,1.50
2012.01.31 13:02:56.965,6.75216,6.75386,1.13,1.50
2012.01.31 13:02:57.474,6.75216,6.75386,1.13,1.50
2012.01.31 13:02:58.109,6.75237,6.75386,1.50,1.50
2012.01.31 13:02:58.188,6.75248,6.75386,1.13,1.50
2012.01.31 13:02:58.375,6.75236,6.75398,1.50,1.50
2012.01.31 13:02:59.314,6.7522,6.75382,1.50,1.50
2012.01.31 13:03:00.556,6.75229,6.75385,1.50,1.50
2012.01.31 13:03:02.483,6.75221,6.75383,1.50,1.50
2012.01.31 13:03:03.376,6.75221,6.75383,1.50,1.50
2012.01.31 13:03:04.734,6.7523,6.75391,1.50,1.35
2012.01.31 13:03:05.716,6.7523,6.75391,1.50,1.35
2012.01.31 13:03:07.017,6.75238,6.7539,1.13,1.35
2012.01.31 13:03:08.414,6.75238,6.7539,1.50,1.35
2012.01.31 13:03:09.534,6.75233,6.7539,1.13,1.35
2012.01.31 13:03:09.854,6.75218,6.7538,1.50,1.50
2012.01.31 13:03:11.450,6.75227,6.75384,1.13,1.50
2012.01.31 13:03:12.418,6.75207,6.75384,1.50,1.50
2012.01.31 13:03:12.986,6.7519,6.75366,1.13,1.50
2012.01.31 13:03:13.814,6.75203,6.75366,1.13,1.50
2012.01.31 13:03:14.405,6.75203,6.75377,1.13,1.50
2012.01.31 13:03:14.938,6.75214,6.75377,1.13,1.50
2012.01.31 13:03:17.601,6.75214,6.75366,1.13,1.50
2012.01.31 13:03:17.676,6.75221,6.75366,1.13,1.50
2012.01.31 13:03:18.656,6.75209,6.75371,1.50,1.50
2012.01.31 13:03:18.727,6.75187,6.75337,1.13,1.50
2012.01.31 13:03:19.234,6.75188,6.75337,1.50,1.50
2012.01.31 13:03:19.460,6.75197,6.75347,1.50,1.50
2012.01.31 13:03:19.976,6.75204,6.75347,1.13,1.50
2012.01.31 13:03:21.044,6.75197,6.75347,1.50,1.50
2012.01.31 13:03:23.664,6.75197,6.75347,1.50,1.50
2012.01.31 13:03:25.593,6.75188,6.75347,1.88,1.50
2012.01.31 13:03:25.994,6.75197,6.75347,1.50,1.50
2012.01.31 13:03:26.089,6.75197,6.75347,1.50,1.50
2012.01.31 13:03:26.238,6.75194,6.75337,1.50,1.50
2012.01.31 13:03:26.508,6.75171,6.75326,1.50,1.50
2012.01.31 13:03:26.666,6.75163,6.75326,1.13,1.50
2012.01.31 13:03:27.136,6.75167,6.75326,1.50,1.50
2012.01.31 13:03:27.203,6.75176,6.75326,1.13,1.50
2012.01.31 13:03:27.655,6.75177,6.75337,1.50,1.50
2012.01.31 13:03:28.662,6.75178,6.75337,1.50,1.50
2012.01.31 13:03:29.174,6.75186,6.75337,1.50,1.50
2012.01.31 13:03:29.252,6.75187,6.75337,1.50,1.50
2012.01.31 13:03:29.328,6.75197,6.75337,1.13,1.50
2012.01.31 13:03:30.092,6.75187,6.75337,1.50,1.50
2012.01.31 13:03:30.226,6.75178,6.75337,1.13,1.50
2012.01.31 13:03:30.706,6.75178,6.75336,1.88,1.50
2012.01.31 13:03:31.180,6.75191,6.75336,1.13,1.50
2012.01.31 13:03:31.251,6.75191,6.75336,1.13,1.50
2012.01.31 13:03:31.739,6.75191,6.75336,1.13,1.50
2012.01.31 13:03:32.351,6.75191,6.75336,1.13,1.50
2012.01.31 13:03:32.729,6.75191,6.75336,1.13,1.50
2012.01.31 13:03:34.444,6.75198,6.75336,1.50,1.50
2012.01.31 13:03:35.193,6.7519,6.75357,1.13,1.50
2012.01.31 13:03:35.647,6.75209,6.75357,1.13,1.50
2012.01.31 13:03:36.612,6.75213,6.75357,1.13,1.50
2012.01.31 13:03:37.338,6.75224,6.75377,1.50,1.50
2012.01.31 13:03:37.558,6.75257,6.75377,1.50,1.50
2012.01.31 13:03:38.423,6.75222,6.75387,1.13,1.50
2012.01.31 13:03:39.566,6.75226,6.75387,1.13,1.50
2012.01.31 13:03:40.879,6.75223,6.75387,1.13,1.50
2012.01.31 13:03:41.410,6.75223,6.75372,1.13,1.50
2012.01.31 13:03:41.559,6.75186,6.75346,1.13,1.50
2012.01.31 13:03:41.706,6.75186,6.75353,1.13,1.50
2012.01.31 13:03:41.954,6.75186,6.75347,1.13,1.50
2012.01.31 13:03:44.079,6.75186,6.7532,1.13,1.35
2012.01.31 13:03:44.148,6.75167,6.7532,1.50,1.35
2012.01.31 13:03:44.354,6.7515,6.75312,1.13,1.50
2012.01.31 13:03:45.114,6.75143,6.75313,1.13,1.50
2012.01.31 13:03:46.476,6.75142,6.75316,1.13,1.50
2012.01.31 13:03:47.187,6.75142,6.75316,1.13,1.50
2012.01.31 13:03:47.312,6.75178,6.75316,1.13,1.50
2012.01.31 13:03:47.388,6.75178,6.75316,1.88,1.50
2012.01.31 13:03:48.789,6.75185,6.75337,1.13,1.50
2012.01.31 13:03:49.436,6.752,6.75342,1.13,1.13
2012.01.31 13:03:49.503,6.75202,6.75342,1.13,1.13
2012.01.31 13:03:49.937,6.75202,6.75347,1.13,1.50
2012.01.31 13:03:50.214,6.75202,6.75347,1.13,1.50
2012.01.31 13:03:51.035,6.75205,6.75366,1.13,1.28
2012.01.31 13:03:51.593,6.75185,6.75347,1.50,1.13
2012.01.31 13:03:51.803,6.75185,6.75347,1.13,1.50
2012.01.31 13:03:53.184,6.75185,6.75347,1.88,1.50
2012.01.31 13:03:53.256,6.75185,6.75347,1.13,1.50
2012.01.31 13:03:54.622,6.75185,6.75347,1.50,1.50
2012.01.31 13:03:55.081,6.75192,6.75356,1.50,1.50
2012.01.31 13:03:55.394,6.75192,6.75356,1.50,1.50
2012.01.31 13:03:55.526,6.75214,6.75366,1.13,2.03
2012.01.31 13:03:55.719,6.75214,6.75366,1.13,1.28
2012.01.31 13:03:55.794,6.75214,6.75366,1.13,1.28
2012.01.31 13:03:56.019,6.75214,6.75366,1.13,1.28
2012.01.31 13:03:56.336,6.75208,6.75357,1.13,1.50
2012.01.31 13:03:57.325,6.75217,6.75359,1.13,1.13
2012.01.31 13:03:57.397,6.75217,6.75366,1.13,1.28
2012.01.31 13:03:57.465,6.75219,6.75366,1.13,1.28
2012.01.31 13:03:57.773,6.75219,6.75366,1.13,1.28
2012.01.31 13:03:58.325,6.75218,6.75366,1.13,1.28
2012.01.31 13:03:58.455,6.75212,6.75366,1.13,1.28
2012.01.31 13:03:58.794,6.75213,6.75364,1.13,1.50
2012.01.31 13:03:59.727,6.75217,6.75366,1.13,1.28
2012.01.31 13:04:00.464,6.75207,6.75362,1.13,1.50
2012.01.31 13:04:00.770,6.7521,6.75362,1.13,1.50
2012.01.31 13:04:01.132,6.7519,6.75354,1.50,1.50
2012.01.31 13:04:01.205,6.7519,6.75354,1.50,1.50
2012.01.31 13:04:01.286,6.7519,6.75354,1.50,1.50
2012.01.31 13:04:01.436,6.75198,6.75365,1.50,1.28
2012.01.31 13:04:04.995,6.75208,6.75376,1.50,1.50
2012.01.31 13:04:06.274,6.75188,6.75376,1.50,1.50
2012.01.31 13:04:07.372,6.75188,6.75357,1.50,1.50
2012.01.31 13:04:07.555,6.75188,6.75357,1.50,1.50
2012.01.31 13:04:10.753,6.75198,6.75357,1.50,1.50
2012.01.31 13:04:11.922,6.75205,6.75367,1.13,1.50
2012.01.31 13:04:11.995,6.75205,6.75367,1.13,1.50
2012.01.31 13:04:12.325,6.75205,6.75377,1.13,1.50
2012.01.31 13:04:12.893,6.75239,6.75405,1.13,1.50
2012.01.31 13:04:13.221,6.75247,6.75407,1.50,1.50
2012.01.31 13:04:13.694,6.75247,6.75416,1.50,1.50
2012.01.31 13:04:13.954,6.75239,6.75397,1.13,1.50
2012.01.31 13:04:14.027,6.7522,6.75397,1.13,1.50
2012.01.31 13:04:14.864,6.75237,6.75397,1.50,1.50
2012.01.31 13:04:16.825,6.75232,6.75397,1.13,1.50
2012.01.31 13:04:17.285,6.75237,6.75407,1.50,1.50
2012.01.31 13:04:18.142,6.75258,6.75407,1.50,1.50
2012.01.31 13:04:18.226,6.75278,6.75407,1.50,1.50
2012.01.31 13:04:18.292,6.75268,6.75416,1.50,1.50
2012.01.31 13:04:19.025,6.75277,6.75416,1.50,1.50
2012.01.31 13:04:19.410,6.75257,6.75416,1.50,1.50
2012.01.31 13:04:19.975,6.75307,6.75437,1.50,1.50
2012.01.31 13:04:20.045,6.75307,6.75437,1.50,1.50
2012.01.31 13:04:20.553,6.75297,6.75437,1.50,1.50
2012.01.31 13:04:21.825,6.75278,6.75437,1.50,1.50
2012.01.31 13:04:23.010,6.75277,6.7539,1.50,2.10
2012.01.31 13:04:23.089,6.75215,6.75372,1.50,2.85
2012.01.31 13:04:23.152,6.75179,6.75347,1.13,1.50
2012.01.31 13:04:25.318,6.75147,6.75337,1.50,1.50
2012.01.31 13:04:25.504,6.7514,6.75329,1.13,1.50
2012.01.31 13:04:25.574,6.7514,6.75329,1.13,1.50
2012.01.31 13:04:25.707,6.7514,6.75307,1.13,1.50
2012.01.31 13:04:25.774,6.7514,6.75307,1.13,1.50
2012.01.31 13:04:26.938,6.75143,6.75307,1.50,1.50
2012.01.31 13:04:27.010,6.75143,6.75307,1.50,1.50
2012.01.31 13:04:27.089,6.75148,6.75322,1.50,1.43
2012.01.31 13:04:27.450,6.75157,6.75285,1.50,2.10
2012.01.31 13:04:27.530,6.75121,6.75257,1.50,1.35
2012.01.31 13:04:27.730,6.75088,6.75277,1.50,1.35
2012.01.31 13:04:28.191,6.75077,6.75252,1.50,3.00
2012.01.31 13:04:28.270,6.75077,6.75254,1.50,1.35
2012.01.31 13:04:30.491,6.75096,6.75232,1.50,2.10
2012.01.31 13:04:30.577,6.75068,6.75232,1.50,1.50
2012.01.31 13:04:30.646,6.75068,6.75252,1.50,1.50
2012.01.31 13:04:30.716,6.75068,6.75257,1.50,1.50
2012.01.31 13:04:31.028,6.751,6.75276,1.35,1.50
2012.01.31 13:04:31.096,6.751,6.75296,1.35,1.50
2012.01.31 13:04:31.285,6.751,6.75297,1.35,1.50
2012.01.31 13:04:31.747,6.75102,6.75304,1.35,1.50
2012.01.31 13:04:32.053,6.7514,6.75304,1.50,1.50
2012.01.31 13:04:32.122,6.7514,6.75306,1.50,1.50
2012.01.31 13:04:32.945,6.7514,6.75306,1.50,1.50
2012.01.31 13:04:33.937,6.75139,6.75306,1.50,1.50
2012.01.31 13:04:34.192,6.75148,6.75306,1.50,1.50
2012.01.31 13:04:35.382,6.75148,6.7531,1.50,1.13
2012.01.31 13:04:36.673,6.75139,6.75313,1.50,1.13
2012.01.31 13:04:37.136,6.75158,6.75322,1.50,1.43
2012.01.31 13:04:37.559,6.75168,6.75323,1.50,1.43
2012.01.31 13:04:38.561,6.75168,6.75323,1.50,1.43
2012.01.31 13:04:39.356,6.75157,6.75319,1.50,1.13
2012.01.31 13:04:40.891,6.75149,6.75313,1.50,1.13
2012.01.31 13:04:41.645,6.75157,6.75322,1.50,1.43
2012.01.31 13:04:41.774,6.75161,6.75325,1.50,1.43
2012.01.31 13:04:42.285,6.75178,6.75328,1.50,1.43
2012.01.31 13:04:43.086,6.75197,6.75328,1.50,1.43
2012.01.31 13:04:43.586,6.75198,6.75328,1.50,1.43
2012.01.31 13:04:44.402,6.75188,6.75328,1.50,1.43
2012.01.31 13:04:46.552,6.75208,6.75328,1.50,1.43
2012.01.31 13:04:46.965,6.7522,6.75378,1.13,1.50
2012.01.31 13:04:47.533,6.75242,6.75388,1.13,1.50
2012.01.31 13:04:47.785,6.75242,6.75388,1.88,1.50
2012.01.31 13:04:47.854,6.75248,6.75388,1.50,1.50
2012.01.31 13:04:47.992,6.75248,6.75411,1.50,1.13
2012.01.31 13:04:48.327,6.75301,6.75483,1.13,1.50
2012.01.31 13:04:48.585,6.75301,6.75473,1.13,1.50
2012.01.31 13:04:49.016,6.75307,6.75481,1.50,1.50
2012.01.31 13:04:49.091,6.75312,6.75481,1.13,1.50
2012.01.31 13:04:50.095,6.75328,6.75486,1.50,1.50
2012.01.31 13:04:51.087,6.75318,6.75486,1.50,1.50
2012.01.31 13:04:52.015,6.75334,6.75486,1.13,1.50
2012.01.31 13:04:52.088,6.75343,6.75479,1.50,1.50
2012.01.31 13:04:52.433,6.7537,6.75508,1.50,1.50
2012.01.31 13:04:52.902,6.75377,6.75527,1.50,1.50
2012.01.31 13:04:53.114,6.75377,6.75527,1.50,1.50
2012.01.31 13:04:53.616,6.75368,6.75527,1.50,1.50
2012.01.31 13:04:53.936,6.75384,6.75527,1.50,1.50
2012.01.31 13:04:54.647,6.75386,6.75527,1.50,1.50
2012.01.31 13:04:55.488,6.75386,6.75524,1.50,1.50
2012.01.31 13:04:55.555,6.75386,6.75524,1.50,1.50
2012.01.31 13:04:55.685,6.75386,6.75524,1.50,1.50
2012.01.31 13:04:56.557,6.75378,6.75524,1.50,1.50
2012.01.31 13:04:56.631,6.75375,6.75524,1.50,1.50
2012.01.31 13:04:56.709,6.75367,6.75507,1.50,1.50
2012.01.31 13:04:57.085,6.75363,6.75507,1.50,1.50
2012.01.31 13:04:57.215,6.75357,6.75507,1.50,1.50
2012.01.31 13:04:57.992,6.75345,6.75474,1.13,1.50
2012.01.31 13:04:58.317,6.75324,6.75487,1.13,1.50
2012.01.31 13:04:58.809,6.75301,6.75487,1.13,1.50
2012.01.31 13:04:58.898,6.75278,6.75447,1.13,1.50
2012.01.31 13:04:59.707,6.7531,6.75462,1.13,1.50
2012.01.31 13:05:00.366,6.7531,6.75463,1.13,1.50
2012.01.31 13:05:00.683,6.753,6.75452,1.13,1.50
2012.01.31 13:05:01.659,6.753,6.75443,1.13,1.50
2012.01.31 13:05:01.744,6.75303,6.75443,1.13,1.50
2012.01.31 13:05:02.464,6.75312,6.75435,1.50,1.13
2012.01.31 13:05:02.549,6.75323,6.75469,1.13,1.50
2012.01.31 13:05:02.618,6.75324,6.75469,1.13,1.50
2012.01.31 13:05:03.369,6.75332,6.75472,1.13,1.50
2012.01.31 13:05:03.964,6.75332,6.75486,1.13,1.50
2012.01.31 13:05:04.626,6.75334,6.75483,1.13,1.50
2012.01.31 13:05:05.921,6.75337,6.75473,1.13,1.50
2012.01.31 13:05:06.417,6.75312,6.75473,1.50,1.50
2012.01.31 13:05:07.013,6.75312,6.75473,1.50,1.50
2012.01.31 13:05:08.183,6.75312,6.75476,1.50,1.50
2012.01.31 13:05:10.617,6.75312,6.75472,1.50,1.50
2012.01.31 13:05:11.270,6.75281,6.75449,1.35,1.13
2012.01.31 13:05:11.425,6.75281,6.75445,1.35,1.13
2012.01.31 13:05:12.382,6.75268,6.75445,1.50,1.13
2012.01.31 13:05:12.535,6.75307,6.75466,1.50,1.69
2012.01.31 13:05:12.953,6.75307,6.75453,1.50,1.50
2012.01.31 13:05:13.492,6.75267,6.75435,1.50,1.13
2012.01.31 13:05:14.085,6.75266,6.75428,1.50,1.50
2012.01.31 13:05:14.218,6.75248,6.75412,1.35,1.13
2012.01.31 13:05:14.619,6.75277,6.75421,1.50,1.13
2012.01.31 13:05:16.097,6.75277,6.75433,1.50,1.50
2012.01.31 13:05:17.547,6.75288,6.75433,1.50,1.13
2012.01.31 13:05:18.576,6.75277,6.75433,1.50,1.50
2012.01.31 13:05:19.655,6.75251,6.75415,1.50,1.50
2012.01.31 13:05:20.618,6.75251,6.75415,1.50,1.13
2012.01.31 13:05:21.118,6.75278,6.75424,2.25,1.50
2012.01.31 13:05:21.473,6.75257,6.75415,1.50,1.13
2012.01.31 13:05:22.083,6.75268,6.75416,1.50,1.13
2012.01.31 13:05:22.595,6.75267,6.75416,1.50,1.13
2012.01.31 13:05:23.036,6.75267,6.75419,1.50,1.13
2012.01.31 13:05:24.339,6.75255,6.75419,1.50,1.50
2012.01.31 13:05:25.474,6.75237,6.75401,1.50,1.50
2012.01.31 13:05:26.483,6.75237,6.75396,1.50,1.50
2012.01.31 13:05:27.376,6.75265,6.75396,1.13,1.50
2012.01.31 13:05:27.798,6.75267,6.75396,1.13,1.50
2012.01.31 13:05:29.059,6.75253,6.75396,1.13,1.50
2012.01.31 13:05:29.384,6.75253,6.75381,1.13,1.50
2012.01.31 13:05:30.032,6.75258,6.75393,1.13,1.50
2012.01.31 13:05:31.243,6.75258,6.75393,1.13,1.50
2012.01.31 13:05:32.184,6.75258,6.75393,1.13,1.50
2012.01.31 13:05:33.334,6.75255,6.75393,1.13,1.50
2012.01.31 13:05:34.285,6.7524,6.75378,1.50,1.50
2012.01.31 13:05:34.807,6.75233,6.75378,1.13,1.50
2012.01.31 13:05:35.137,6.75212,6.75369,1.13,1.50
2012.01.31 13:05:35.207,6.75211,6.75369,1.13,1.50
2012.01.31 13:05:36.033,6.75201,6.75366,1.13,1.50
2012.01.31 13:05:36.543,6.75201,6.75366,1.13,1.50
2012.01.31 13:05:36.932,6.75201,6.75366,1.13,1.50
2012.01.31 13:05:37.447,6.75207,6.75366,1.13,1.50
2012.01.31 13:05:37.923,6.75201,6.75366,1.50,1.50
2012.01.31 13:05:38.446,6.75201,6.75366,1.50,1.50
2012.01.31 13:05:39.423,6.75196,6.75354,1.13,1.50
2012.01.31 13:05:39.929,6.75196,6.75354,1.13,1.50
2012.01.31 13:05:40.713,6.75193,6.75354,1.13,1.50
2012.01.31 13:05:42.071,6.75193,6.75354,1.13,1.50
2012.01.31 13:05:42.382,6.75195,6.75356,1.13,1.50
2012.01.31 13:05:42.910,6.75202,6.75346,1.50,1.50
2012.01.31 13:05:42.996,6.75179,6.75341,1.50,1.50
2012.01.31 13:05:43.467,6.75177,6.7533,1.50,1.50
2012.01.31 13:05:43.834,6.75187,6.75317,1.13,1.50
2012.01.31 13:05:44.104,6.75183,6.75347,1.13,1.50
2012.01.31 13:05:44.176,6.75183,6.75347,1.50,1.50
2012.01.31 13:05:45.355,6.75168,6.7533,1.50,1.50
2012.01.31 13:05:45.714,6.75185,6.75317,1.13,1.50
2012.01.31 13:05:45.783,6.75178,6.75317,1.50,1.50
2012.01.31 13:05:45.915,6.75167,6.7532,1.50,1.13
2012.01.31 13:05:46.043,6.75186,6.7535,1.50,1.50
2012.01.31 13:05:47.033,6.75187,6.7535,1.50,1.50
2012.01.31 13:05:47.932,6.75197,6.75361,2.25,1.50
2012.01.31 13:05:48.970,6.75187,6.75361,1.13,1.50
2012.01.31 13:05:49.116,6.75178,6.75332,1.50,1.50
2012.01.31 13:05:49.767,6.75178,6.75301,1.50,1.13
2012.01.31 13:05:50.035,6.75178,6.75302,1.50,1.13
2012.01.31 13:05:50.367,6.75189,6.75302,1.13,1.13
2012.01.31 13:05:50.687,6.75197,6.75352,1.50,1.13
2012.01.31 13:05:50.760,6.75197,6.75352,1.50,1.13
2012.01.31 13:05:51.421,6.75218,6.75352,1.50,1.13
2012.01.31 13:05:51.754,6.75217,6.75346,1.50,1.13
2012.01.31 13:05:51.998,6.75217,6.75346,1.50,1.13
2012.01.31 13:05:52.673,6.75207,6.75346,1.50,1.13
2012.01.31 13:05:52.943,6.75208,6.75338,1.50,1.13
2012.01.31 13:05:53.193,6.75185,6.75332,1.13,1.50
2012.01.31 13:05:53.263,6.75185,6.753,1.13,1.13
2012.01.31 13:05:53.605,6.75185,6.753,1.13,1.13
2012.01.31 13:05:53.919,6.75187,6.75356,1.50,1.50
2012.01.31 13:05:54.108,6.75185,6.75337,1.13,1.50
2012.01.31 13:05:54.304,6.75187,6.75341,1.50,1.13
2012.01.31 13:05:54.378,6.75218,6.75379,2.25,1.50
2012.01.31 13:05:54.451,6.75227,6.75377,1.50,1.50
2012.01.31 13:05:54.656,6.75218,6.75364,1.50,1.13
2012.01.31 13:05:55.369,6.75197,6.75364,1.50,1.13
2012.01.31 13:05:55.677,6.75197,6.75364,1.50,1.13
2012.01.31 13:05:55.746,6.75197,6.75357,1.50,1.13
2012.01.31 13:05:55.814,6.75217,6.75336,1.13,1.13
2012.01.31 13:05:56.004,6.75218,6.75336,1.13,1.13
2012.01.31 13:05:56.952,6.75204,6.75348,1.13,1.13
2012.01.31 13:05:57.226,6.75148,6.75326,1.50,1.50
2012.01.31 13:05:57.294,6.75143,6.75326,1.13,1.50
2012.01.31 13:05:57.362,6.75143,6.75326,1.13,1.50
2012.01.31 13:05:57.876,6.75143,6.75317,1.13,1.50
2012.01.31 13:05:58.198,6.75127,6.75296,1.13,1.50
2012.01.31 13:05:58.323,6.75127,6.75296,1.13,1.50
2012.01.31 13:05:58.622,6.75127,6.75296,1.13,1.50
2012.01.31 13:05:59.544,6.75132,6.75296,1.13,1.50
2012.01.31 13:06:00.025,6.75128,6.75296,1.13,1.50
2012.01.31 13:06:00.606,6.75128,6.75296,1.13,1.50
2012.01.31 13:06:00.935,6.75128,6.75296,1.13,1.50
2012.01.31 13:06:01.005,6.75127,6.75296,1.13,1.50
2012.01.31 13:06:01.247,6.75128,6.75296,1.13,1.50
2012.01.31 13:06:01.456,6.75128,6.75307,1.13,1.50
2012.01.31 13:06:01.703,6.75138,6.75307,1.50,1.50
2012.01.31 13:06:02.257,6.75138,6.75307,1.50,1.50
2012.01.31 13:06:05.642,6.75147,6.75307,1.13,1.50
2012.01.31 13:06:05.711,6.75147,6.75307,1.13,1.50
2012.01.31 13:06:05.994,6.75147,6.75307,1.13,1.50
2012.01.31 13:06:06.329,6.75128,6.75316,1.50,1.50
2012.01.31 13:06:06.786,6.75147,6.75316,1.50,1.50
2012.01.31 13:06:07.228,6.75148,6.75316,1.50,1.50
2012.01.31 13:06:07.487,6.75141,6.75316,1.50,1.50
2012.01.31 13:06:07.816,6.75108,6.75307,1.50,1.50
2012.01.31 13:06:08.407,6.75147,6.75316,1.13,1.35
2012.01.31 13:06:08.472,6.75147,6.75316,1.13,1.35
2012.01.31 13:06:09.390,6.75146,6.75316,1.13,2.10
2012.01.31 13:06:09.744,6.75146,6.75316,1.13,2.10
2012.01.31 13:06:10.303,6.75146,6.75316,1.13,2.10
2012.01.31 13:06:11.861,6.75146,6.75306,1.13,1.50
2012.01.31 13:06:11.941,6.75107,6.75303,1.50,1.50
2012.01.31 13:06:12.735,6.75107,6.75277,1.50,1.50
2012.01.31 13:06:13.025,6.75088,6.75277,1.50,1.50
2012.01.31 13:06:13.458,6.7509,6.75262,1.50,1.50
2012.01.31 13:06:13.709,6.75098,6.75266,1.50,1.50
2012.01.31 13:06:13.786,6.75129,6.75279,1.50,1.50
2012.01.31 13:06:14.377,6.75129,6.75273,1.50,2.10
2012.01.31 13:06:14.626,6.75092,6.75252,1.50,1.50
2012.01.31 13:06:15.264,6.75092,6.75256,1.50,1.50
2012.01.31 13:06:15.392,6.75097,6.75268,1.13,1.50
2012.01.31 13:06:16.522,6.75103,6.75268,1.13,1.50
2012.01.31 13:06:16.591,6.75103,6.75268,1.13,1.50
2012.01.31 13:06:17.746,6.75112,6.75268,1.50,1.50
2012.01.31 13:06:17.889,6.75131,6.75293,1.13,3.00
2012.01.31 13:06:18.017,6.75131,6.753,1.13,1.50
2012.01.31 13:06:18.451,6.75118,6.75302,1.50,1.50
2012.01.31 13:06:18.539,6.75109,6.75252,1.13,1.50
2012.01.31 13:06:18.605,6.75078,6.75252,1.50,1.50
2012.01.31 13:06:18.853,6.75098,6.75257,1.50,1.50
2012.01.31 13:06:18.924,6.75109,6.75257,1.13,1.50
2012.01.31 13:06:18.997,6.75109,6.75257,1.13,1.50
2012.01.31 13:06:19.214,6.75117,6.75257,1.13,1.50
2012.01.31 13:06:21.473,6.75098,6.75257,1.50,1.50
2012.01.31 13:06:23.433,6.75088,6.75257,1.50,1.50
2012.01.31 13:06:24.644,6.75078,6.75246,1.50,1.50
2012.01.31 13:06:25.093,6.75088,6.75247,1.13,1.50
2012.01.31 13:06:25.336,6.75088,6.75247,1.50,1.50
2012.01.31 13:06:25.933,6.75098,6.75247,1.50,1.50
2012.01.31 13:06:26.341,6.75076,6.75247,1.13,1.50
2012.01.31 13:06:26.676,6.75076,6.7524,1.13,1.50
2012.01.31 13:06:26.935,6.74975,6.75178,1.50,1.13
2012.01.31 13:06:27.257,6.74959,6.75178,1.50,1.13
2012.01.31 13:06:27.324,6.74942,6.75178,1.13,1.13
2012.01.31 13:06:28.017,6.74979,6.75178,1.50,1.13
2012.01.31 13:06:29.618,6.74967,6.7519,1.50,1.50
2012.01.31 13:06:30.100,6.74963,6.75176,1.50,1.13
2012.01.31 13:06:32.075,6.74963,6.75166,2.25,1.13
2012.01.31 13:06:32.417,6.74963,6.75163,1.50,1.50
2012.01.31 13:06:32.527,6.74963,6.75166,2.25,1.13
2012.01.31 13:06:32.745,6.74963,6.75154,1.50,1.13
2012.01.31 13:06:32.812,6.74963,6.75154,1.50,1.13
2012.01.31 13:06:33.393,6.74963,6.75154,2.25,1.13
2012.01.31 13:06:33.968,6.74963,6.75154,2.25,1.13
2012.01.31 13:06:36.798,6.74963,6.7516,1.50,1.13
2012.01.31 13:06:36.914,6.74963,6.7516,1.50,1.13
2012.01.31 13:06:37.366,6.74963,6.7515,1.50,1.13
2012.01.31 13:06:37.693,6.74963,6.7515,1.50,1.13
2012.01.31 13:06:39.112,6.74963,6.7515,1.50,1.13
2012.01.31 13:06:39.515,6.74963,6.75145,1.50,1.13
2012.01.31 13:06:39.590,6.74963,6.75145,1.50,1.13
2012.01.31 13:06:44.185,6.74963,6.75126,1.50,1.13
2012.01.31 13:06:44.741,6.74963,6.75132,1.50,1.13
2012.01.31 13:06:45.014,6.74963,6.75132,1.50,1.13
2012.01.31 13:06:46.326,6.74963,6.75138,1.50,1.13
2012.01.31 13:06:46.399,6.74983,6.75189,1.50,1.35
2012.01.31 13:06:46.469,6.74983,6.75189,1.50,1.35
2012.01.31 13:06:46.599,6.74983,6.7519,2.25,1.35
2012.01.31 13:06:46.677,6.74993,6.7519,1.50,1.35
2012.01.31 13:06:46.930,6.74993,6.7519,1.50,1.35
2012.01.31 13:06:47.231,6.74993,6.7519,1.50,1.35
2012.01.31 13:06:47.582,6.74983,6.75186,1.50,1.13
2012.01.31 13:06:48.146,6.74983,6.75186,1.50,1.13
2012.01.31 13:06:48.545,6.74983,6.75186,1.50,1.13
2012.01.31 13:06:49.056,6.74982,6.75157,1.35,1.13
2012.01.31 13:06:49.248,6.74982,6.75157,1.35,1.13
2012.01.31 13:06:49.562,6.74982,6.75157,1.35,1.13
2012.01.31 13:06:50.143,6.74982,6.75163,1.35,1.13
2012.01.31 13:06:50.706,6.74982,6.75163,1.35,1.13
2012.01.31 13:06:50.888,6.74982,6.75163,1.35,1.13
2012.01.31 13:06:52.535,6.74982,6.7516,1.35,1.13
2012.01.31 13:06:52.602,6.74982,6.7516,1.35,1.13
2012.01.31 13:06:54.753,6.74963,6.75114,1.50,1.35
2012.01.31 13:06:54.885,6.74938,6.75114,1.50,1.35
2012.01.31 13:06:56.755,6.74951,6.75114,1.13,1.35
2012.01.31 13:06:56.896,6.74948,6.75114,1.13,1.35
2012.01.31 13:06:57.833,6.74948,6.75114,1.50,1.35
2012.01.31 13:06:58.165,6.74907,6.75114,2.25,1.35
2012.01.31 13:06:58.738,6.74936,6.75159,2.25,1.50
2012.01.31 13:07:00.249,6.74948,6.75159,1.50,1.50
2012.01.31 13:07:01.131,6.74954,6.75159,1.50,1.50
2012.01.31 13:07:01.916,6.74954,6.75172,1.50,1.50
2012.01.31 13:07:02.688,6.74957,6.75173,1.13,1.88
2012.01.31 13:07:03.206,6.74973,6.7518,1.13,1.50
2012.01.31 13:07:03.521,6.74976,6.75189,1.50,1.13
2012.01.31 13:07:03.995,6.74976,6.7519,1.50,1.13
2012.01.31 13:07:05.443,6.74998,6.7519,1.50,1.13
2012.01.31 13:07:06.976,6.75008,6.75191,1.50,1.13
2012.01.31 13:07:07.278,6.75008,6.75202,1.50,1.50
2012.01.31 13:07:08.206,6.74998,6.75195,1.50,1.13
2012.01.31 13:07:08.272,6.75007,6.75203,1.50,1.50
2012.01.31 13:07:08.923,6.74997,6.75195,1.50,1.13
2012.01.31 13:07:10.053,6.75007,6.75203,1.50,1.50
2012.01.31 13:07:10.123,6.75007,6.75203,1.50,1.50
2012.01.31 13:07:10.869,6.75017,6.75213,1.50,1.13
2012.01.31 13:07:12.167,6.75017,6.75213,1.50,1.50
2012.01.31 13:07:12.573,6.75007,6.75203,1.50,1.50
2012.01.31 13:07:12.646,6.74998,6.75192,1.50,1.50
2012.01.31 13:07:13.785,6.74998,6.75192,1.50,1.50
2012.01.31 13:07:15.968,6.75027,6.75222,1.50,1.50
2012.01.31 13:07:16.035,6.75027,6.75222,1.50,1.50
2012.01.31 13:07:16.850,6.75027,6.75217,1.50,1.50
2012.01.31 13:07:19.165,6.75027,6.75217,1.50,1.50
2012.01.31 13:07:19.654,6.75027,6.75217,1.50,1.50
2012.01.31 13:07:20.155,6.75038,6.75217,1.50,1.50
2012.01.31 13:07:21.746,6.75027,6.75217,1.50,1.50
2012.01.31 13:07:22.366,6.75026,6.75192,1.50,1.13
2012.01.31 13:07:22.435,6.74994,6.75192,1.50,1.13
2012.01.31 13:07:22.510,6.75014,6.75192,1.50,1.13
2012.01.31 13:07:22.592,6.75029,6.75243,1.13,1.13
2012.01.31 13:07:22.797,6.75056,6.75267,2.25,2.37
2012.01.31 13:07:22.870,6.75064,6.75267,1.50,1.62
2012.01.31 13:07:23.223,6.75079,6.75267,2.25,1.13
2012.01.31 13:07:23.316,6.75079,6.75267,2.25,1.13
2012.01.31 13:07:23.520,6.75079,6.75267,2.25,1.13
2012.01.31 13:07:23.663,6.75079,6.75267,2.25,1.13
2012.01.31 13:07:23.735,6.75079,6.75267,2.25,1.13
2012.01.31 13:07:23.808,6.75079,6.75267,2.25,1.13
2012.01.31 13:07:24.079,6.75064,6.75265,1.50,1.13
2012.01.31 13:07:24.554,6.75049,6.75265,1.13,1.13
2012.01.31 13:07:25.330,6.75044,6.75249,1.50,1.13
2012.01.31 13:07:25.536,6.75044,6.75249,1.50,1.13
2012.01.31 13:07:25.684,6.75044,6.75249,1.50,1.13
2012.01.31 13:07:26.683,6.75044,6.75236,1.50,1.13
2012.01.31 13:07:27.415,6.75044,6.75242,1.50,1.13
2012.01.31 13:07:28.232,6.75044,6.75242,1.50,1.13
2012.01.31 13:07:28.673,6.75062,6.75264,2.25,1.13
2012.01.31 13:07:28.750,6.75062,6.75264,2.25,1.13
2012.01.31 13:07:29.161,6.75064,6.75264,1.50,1.13
2012.01.31 13:07:30.144,6.75064,6.75264,1.50,1.13
2012.01.31 13:07:30.505,6.75053,6.75269,1.13,1.13
2012.01.31 13:07:30.870,6.75053,6.75266,1.13,1.50
2012.01.31 13:07:30.944,6.75053,6.75266,1.13,1.50
2012.01.31 13:07:33.067,6.75044,6.75256,1.50,1.13
2012.01.31 13:07:34.162,6.75044,6.75256,1.50,1.13
2012.01.31 13:07:34.877,6.75044,6.75256,1.50,1.13
2012.01.31 13:07:35.066,6.75098,6.75263,1.50,1.50
2012.01.31 13:07:35.137,6.75102,6.75266,1.50,2.25
2012.01.31 13:07:35.409,6.75097,6.75266,1.50,2.25
2012.01.31 13:07:35.534,6.75097,6.75256,1.50,1.13
2012.01.31 13:07:35.606,6.75094,6.75256,1.50,1.13
2012.01.31 13:07:35.675,6.75094,6.75256,1.50,1.13
2012.01.31 13:07:35.745,6.75103,6.75266,1.50,1.13
2012.01.31 13:07:36.173,6.75098,6.75266,1.50,1.13
2012.01.31 13:07:36.255,6.75103,6.75266,1.50,1.13
2012.01.31 13:07:36.526,6.75097,6.75266,1.50,1.13
2012.01.31 13:07:36.757,6.75097,6.75265,1.50,1.50
2012.01.31 13:07:37.550,6.75097,6.75263,1.50,1.50
2012.01.31 13:07:39.334,6.75088,6.75263,1.50,1.50
2012.01.31 13:07:39.629,6.75088,6.75258,1.50,1.13
2012.01.31 13:07:40.654,6.75034,6.75254,1.50,1.50
2012.01.31 13:07:41.425,6.75047,6.75254,1.50,1.50
2012.01.31 13:07:41.618,6.75047,6.75239,1.50,1.13
2012.01.31 13:07:41.824,6.7505,6.75239,1.50,1.13
2012.01.31 13:07:42.370,6.7505,6.75239,1.50,1.13
2012.01.31 13:07:42.688,6.75024,6.75238,2.25,1.13
2012.01.31 13:07:43.422,6.7504,6.75238,1.50,1.13
2012.01.31 13:07:43.554,6.75028,6.75234,1.50,1.13
2012.01.31 13:07:43.813,6.75028,6.75234,1.50,1.13
2012.01.31 13:07:44.114,6.75028,6.75234,1.50,1.13
2012.01.31 13:07:44.637,6.75057,6.75234,1.50,1.13
2012.01.31 13:07:45.155,6.75065,6.75237,1.50,1.13
2012.01.31 13:07:45.710,6.75057,6.75237,1.50,1.13
2012.01.31 13:07:46.375,6.75065,6.75237,1.50,1.13
2012.01.31 13:07:48.652,6.75065,6.75242,1.50,1.13
2012.01.31 13:07:48.735,6.75065,6.75242,1.50,1.13
2012.01.31 13:07:51.312,6.75065,6.75245,1.50,1.13
2012.01.31 13:07:52.394,6.75078,6.75227,1.50,1.50
2012.01.31 13:07:54.504,6.75078,6.75239,1.50,1.50
2012.01.31 13:07:55.342,6.75068,6.75223,1.50,1.50
2012.01.31 13:07:56.474,6.75068,6.75232,1.50,1.50
2012.01.31 13:07:58.685,6.75081,6.75243,1.50,1.50
2012.01.31 13:07:59.004,6.75077,6.75215,1.50,1.13
2012.01.31 13:07:59.074,6.75077,6.75215,1.50,1.13
2012.01.31 13:07:59.346,6.75077,6.75215,1.50,1.13
2012.01.31 13:07:59.761,6.75088,6.75215,1.50,1.13
2012.01.31 13:08:00.277,6.75088,6.75215,1.50,1.13
2012.01.31 13:08:03.214,6.75077,6.75214,1.50,1.13
2012.01.31 13:08:04.263,6.75077,6.75211,1.50,1.13
2012.01.31 13:08:05.875,6.75077,6.7521,1.50,1.13
2012.01.31 13:08:06.184,6.75067,6.75207,1.50,1.13
2012.01.31 13:08:07.198,6.75067,6.75203,1.50,1.13
2012.01.31 13:08:07.563,6.75067,6.75203,1.50,1.13
2012.01.31 13:08:08.262,6.75067,6.75201,1.50,1.13
2012.01.31 13:08:09.221,6.75058,6.75204,1.50,1.13
2012.01.31 13:08:09.539,6.75088,6.75229,1.50,1.13
2012.01.31 13:08:09.665,6.75098,6.75229,1.50,1.13
2012.01.31 13:08:10.738,6.75107,6.75243,1.50,1.13
2012.01.31 13:08:11.823,6.75108,6.75241,1.50,1.13
2012.01.31 13:08:14.453,6.75108,6.75245,1.50,1.13
2012.01.31 13:08:14.799,6.75108,6.75272,1.50,1.13
2012.01.31 13:08:15.140,6.75163,6.75272,1.13,1.13
2012.01.31 13:08:15.558,6.75163,6.75272,1.13,1.13
2012.01.31 13:08:16.275,6.75167,6.75281,1.50,1.13
2012.01.31 13:08:16.677,6.75175,6.75281,1.13,1.13
2012.01.31 13:08:16.996,6.75188,6.75281,1.50,1.13
2012.01.31 13:08:17.126,6.75197,6.75281,1.13,1.13
2012.01.31 13:08:17.601,6.75198,6.75281,1.13,1.13
2012.01.31 13:08:17.752,6.75227,6.7534,1.50,1.13
2012.01.31 13:08:17.896,6.75232,6.7534,1.13,1.13
2012.01.31 13:08:17.974,6.75232,6.7534,1.13,1.13
2012.01.31 13:08:18.538,6.75247,6.75357,1.13,1.13
2012.01.31 13:08:19.103,6.75258,6.7538,1.50,1.13
2012.01.31 13:08:19.237,6.75288,6.75405,1.13,1.50
2012.01.31 13:08:19.307,6.75288,6.75396,1.13,1.13
2012.01.31 13:08:19.383,6.75277,6.75396,1.50,1.13
2012.01.31 13:08:19.655,6.75257,6.75396,1.50,1.13
2012.01.31 13:08:20.745,6.75248,6.75385,1.50,1.13
2012.01.31 13:08:21.537,6.75247,6.75382,1.50,1.13
2012.01.31 13:08:22.615,6.75247,6.75383,1.50,1.13
2012.01.31 13:08:24.367,6.75248,6.75383,1.50,1.13
2012.01.31 13:08:25.153,6.75248,6.75383,1.50,1.13
2012.01.31 13:08:25.467,6.75258,6.75383,1.50,1.13
2012.01.31 13:08:25.958,6.75267,6.75383,1.50,1.13
2012.01.31 13:08:26.136,6.75267,6.75387,1.50,1.13
2012.01.31 13:08:27.846,6.75267,6.75391,1.50,1.13
2012.01.31 13:08:29.219,6.75267,6.75406,1.50,1.13
2012.01.31 13:08:30.704,6.75268,6.75392,1.50,1.13
2012.01.31 13:08:31.796,6.75268,6.75392,1.50,1.13
2012.01.31 13:08:32.756,6.75258,6.75392,1.50,1.13
2012.01.31 13:08:33.300,6.75258,6.75388,1.50,1.13
2012.01.31 13:08:34.664,6.75258,6.75384,1.50,1.13
2012.01.31 13:08:35.434,6.75248,6.75383,1.50,1.13
2012.01.31 13:08:37.815,6.75248,6.75376,1.50,1.13
2012.01.31 13:08:38.499,6.75214,6.75358,1.50,1.50
2012.01.31 13:08:38.565,6.75214,6.75347,1.50,1.13
2012.01.31 13:08:38.767,6.75188,6.75321,1.50,1.50
2012.01.31 13:08:38.908,6.75177,6.75312,1.50,1.13
2012.01.31 13:08:39.345,6.75177,6.75312,1.50,1.13
2012.01.31 13:08:39.850,6.75167,6.7531,1.50,1.13
2012.01.31 13:08:40.584,6.75188,6.75335,1.50,1.13
2012.01.31 13:08:40.907,6.75188,6.75335,1.50,1.13
2012.01.31 13:08:41.370,6.75188,6.75335,1.50,1.13
2012.01.31 13:08:41.664,6.75188,6.75329,1.50,1.13
2012.01.31 13:08:43.043,6.75188,6.7533,1.50,1.13
2012.01.31 13:08:44.537,6.75188,6.7533,1.50,1.13
2012.01.31 13:08:44.997,6.75198,6.7533,1.50,1.13
2012.01.31 13:08:45.683,6.75207,6.75352,1.50,1.13
2012.01.31 13:08:47.395,6.75207,6.75348,1.50,1.13
2012.01.31 13:08:48.207,6.75207,6.75348,1.50,1.13
2012.01.31 13:08:48.425,6.75217,6.75356,1.50,1.13
2012.01.31 13:08:50.025,6.75218,6.75353,1.50,1.13
2012.01.31 13:08:50.647,6.75207,6.75351,1.50,1.13
2012.01.31 13:08:50.848,6.75207,6.75351,1.50,1.13
2012.01.31 13:08:51.881,6.75208,6.75355,1.50,1.13
2012.01.31 13:08:51.957,6.75208,6.75355,1.50,1.13
2012.01.31 13:08:52.663,6.75207,6.75355,1.50,1.13
2012.01.31 13:08:53.049,6.75188,6.75355,1.50,1.13
2012.01.31 13:08:53.258,6.75167,6.75315,1.50,1.13
2012.01.31 13:08:53.959,6.75167,6.75315,1.50,1.13
2012.01.31 13:08:56.094,6.75167,6.7531,1.50,1.13
2012.01.31 13:08:57.168,6.75167,6.75311,1.50,1.13
2012.01.31 13:08:58.196,6.75177,6.75315,1.50,1.13
2012.01.31 13:08:59.331,6.75168,6.75309,1.50,1.13
2012.01.31 13:08:59.527,6.75168,6.75335,1.50,1.13
2012.01.31 13:09:00.098,6.75218,6.75356,1.50,1.13
2012.01.31 13:09:00.180,6.75198,6.75334,1.50,1.13
2012.01.31 13:09:00.983,6.75198,6.75342,1.50,1.13
2012.01.31 13:09:01.134,6.75198,6.75342,1.50,1.13
2012.01.31 13:09:02.938,6.75208,6.75343,1.50,1.13
2012.01.31 13:09:03.875,6.75197,6.75344,1.50,1.13
2012.01.31 13:09:04.726,6.75187,6.75344,1.50,1.13
2012.01.31 13:09:04.855,6.75198,6.75341,1.50,1.13
2012.01.31 13:09:06.075,6.75207,6.75326,1.13,1.50
2012.01.31 13:09:06.264,6.75157,6.75316,2.25,1.13
2012.01.31 13:09:06.454,6.75158,6.75316,1.50,1.13
2012.01.31 13:09:07.266,6.75164,6.75334,1.50,1.13
2012.01.31 13:09:07.338,6.75164,6.75334,1.50,1.13
2012.01.31 13:09:07.662,6.75167,6.75315,1.13,1.50
2012.01.31 13:09:08.179,6.7515,6.75278,2.25,1.13
2012.01.31 13:09:08.393,6.75126,6.75278,2.25,1.13
2012.01.31 13:09:08.718,6.75108,6.75278,1.50,1.13
2012.01.31 13:09:08.850,6.75108,6.75273,1.50,1.13
2012.01.31 13:09:09.223,6.75093,6.75273,1.50,1.13
2012.01.31 13:09:09.639,6.75093,6.75273,1.50,1.13
2012.01.31 13:09:10.253,6.75098,6.75273,1.50,1.13
2012.01.31 13:09:10.553,6.75092,6.75281,2.25,1.13
2012.01.31 13:09:11.077,6.75103,6.75242,1.50,1.13
2012.01.31 13:09:11.148,6.75085,6.75239,1.50,1.50
2012.01.31 13:09:11.219,6.75074,6.75216,1.50,1.13
2012.01.31 13:09:11.858,6.75084,6.75216,1.50,1.13
2012.01.31 13:09:11.924,6.75084,6.75217,1.50,1.13
2012.01.31 13:09:12.253,6.75094,6.75238,1.50,1.13
2012.01.31 13:09:12.693,6.75073,6.75217,1.50,1.50
2012.01.31 13:09:13.027,6.75051,6.75212,1.35,1.13
2012.01.31 13:09:14.302,6.75051,6.75217,1.35,1.13
2012.01.31 13:09:15.182,6.75051,6.75246,1.35,1.13
2012.01.31 13:09:15.254,6.75094,6.75246,1.50,1.13
2012.01.31 13:09:15.626,6.75093,6.75246,1.50,1.13
2012.01.31 13:09:15.890,6.7512,6.75292,1.35,1.50
2012.01.31 13:09:16.099,6.75126,6.75293,3.00,1.13
2012.01.31 13:09:16.990,6.75144,6.75301,1.50,1.13
2012.01.31 13:09:18.274,6.75157,6.7531,1.50,1.13
2012.01.31 13:09:18.408,6.75157,6.7531,1.50,1.13
2012.01.31 13:09:19.836,6.75168,6.75328,1.50,1.13
2012.01.31 13:09:20.208,6.75178,6.75328,1.50,1.13
2012.01.31 13:09:20.606,6.75188,6.75328,1.50,1.13
2012.01.31 13:09:21.074,6.75188,6.75324,1.50,1.13
2012.01.31 13:09:21.146,6.75188,6.75324,1.50,1.13
2012.01.31 13:09:23.137,6.75177,6.75324,1.50,1.13
2012.01.31 13:09:23.468,6.75177,6.75319,1.50,1.13
2012.01.31 13:09:24.457,6.75167,6.75306,1.50,1.13
2012.01.31 13:09:24.583,6.75167,6.75304,1.50,1.13
2012.01.31 13:09:25.362,6.75178,6.75304,1.13,1.13
2012.01.31 13:09:25.435,6.75178,6.75299,1.50,1.13
2012.01.31 13:09:26.114,6.75168,6.75299,1.50,1.13
2012.01.31 13:09:26.463,6.75157,6.75293,1.50,1.13
2012.01.31 13:09:26.593,6.75157,6.75293,1.50,1.13
2012.01.31 13:09:28.657,6.75143,6.75279,1.13,1.50
2012.01.31 13:09:28.736,6.75134,6.75279,1.50,1.50
2012.01.31 13:09:28.809,6.75134,6.75277,1.50,1.13
2012.01.31 13:09:29.151,6.75128,6.75277,1.50,1.13
2012.01.31 13:09:29.225,6.75128,6.75277,1.50,1.13
2012.01.31 13:09:32.583,6.75137,6.75267,1.50,1.13
2012.01.31 13:09:34.415,6.75137,6.75269,1.50,1.13
2012.01.31 13:09:35.494,6.75137,6.75273,1.50,1.13
2012.01.31 13:09:36.122,6.75137,6.75273,1.50,1.13
2012.01.31 13:09:36.195,6.75133,6.75261,1.13,1.50
2012.01.31 13:09:36.325,6.75108,6.75261,1.50,1.50
2012.01.31 13:09:36.398,6.75108,6.75244,1.50,1.13
2012.01.31 13:09:37.272,6.75117,6.75248,1.50,1.13
2012.01.31 13:09:37.742,6.75117,6.75248,1.50,1.13
2012.01.31 13:09:37.966,6.75113,6.75269,1.50,1.13
2012.01.31 13:09:38.036,6.75113,6.75269,1.50,1.13
2012.01.31 13:09:38.286,6.7512,6.75269,1.50,1.13
2012.01.31 13:09:38.616,6.75134,6.75287,1.50,1.50
2012.01.31 13:09:38.934,6.75134,6.75286,1.50,1.13
2012.01.31 13:09:39.454,6.75159,6.75301,1.13,1.50
2012.01.31 13:09:39.615,6.75159,6.75286,1.13,1.13
2012.01.31 13:09:40.214,6.75159,6.75275,1.13,1.13
2012.01.31 13:09:40.477,6.75159,6.75275,1.13,1.13
2012.01.31 13:09:41.132,6.75134,6.75268,1.50,1.13
2012.01.31 13:09:41.656,6.75134,6.75268,1.50,1.13
2012.01.31 13:09:42.476,6.75134,6.75272,1.50,1.13
2012.01.31 13:09:43.455,6.75123,6.75269,1.50,1.13
2012.01.31 13:09:44.029,6.75123,6.75269,2.25,1.13
2012.01.31 13:09:44.474,6.75155,6.75282,1.13,1.50
2012.01.31 13:09:44.548,6.75159,6.75283,1.13,1.13
2012.01.31 13:09:45.818,6.75159,6.75286,1.13,1.13
2012.01.31 13:09:47.644,6.75159,6.75293,1.13,1.13
2012.01.31 13:09:50.158,6.75159,6.75289,1.13,1.13
2012.01.31 13:09:51.303,6.75159,6.75303,1.13,1.13
2012.01.31 13:09:52.383,6.75159,6.75283,1.13,1.13
2012.01.31 13:09:54.893,6.75159,6.75282,1.13,1.50
2012.01.31 13:09:55.877,6.75159,6.75283,1.13,1.13
2012.01.31 13:09:56.326,6.75159,6.75281,1.13,1.13
2012.01.31 13:09:58.344,6.75159,6.75281,1.13,1.13
2012.01.31 13:09:58.525,6.75131,6.75281,1.50,1.13
2012.01.31 13:09:59.018,6.75131,6.75281,1.50,1.13
2012.01.31 13:09:59.334,6.75122,6.75271,1.50,1.13
2012.01.31 13:10:00.067,6.75122,6.75271,1.50,1.13
2012.01.31 13:10:01.569,6.75122,6.75272,1.50,1.13
2012.01.31 13:10:02.556,6.75122,6.75275,1.50,1.13
2012.01.31 13:10:03.414,6.75138,6.75275,1.50,1.13
2012.01.31 13:10:04.404,6.75122,6.75323,1.50,1.13
2012.01.31 13:10:04.472,6.75144,6.75323,1.35,1.13
2012.01.31 13:10:04.544,6.75145,6.75323,1.35,1.13
2012.01.31 13:10:05.917,6.75151,6.75323,1.50,1.13
2012.01.31 13:10:06.927,6.75166,6.75347,2.25,1.13
2012.01.31 13:10:07.526,6.75183,6.75347,1.50,1.13
2012.01.31 13:10:07.605,6.75183,6.75347,1.50,1.13
2012.01.31 13:10:07.747,6.75183,6.75347,1.50,1.13
2012.01.31 13:10:07.814,6.75177,6.75347,1.50,1.13
2012.01.31 13:10:08.422,6.75177,6.75336,1.50,1.13
2012.01.31 13:10:08.823,6.75178,6.75336,1.50,1.13
2012.01.31 13:10:10.584,6.75168,6.75336,2.25,1.13
2012.01.31 13:10:10.714,6.75168,6.75336,1.50,1.13
2012.01.31 13:10:10.788,6.75161,6.75336,1.50,1.13
2012.01.31 13:10:11.114,6.7514,6.75336,1.50,1.13
2012.01.31 13:10:11.414,6.75138,6.75338,1.50,1.13
2012.01.31 13:10:13.782,6.75137,6.75338,1.50,1.13
2012.01.31 13:10:14.259,6.75131,6.7533,1.50,1.13
2012.01.31 13:10:14.334,6.75131,6.7533,1.50,1.13
2012.01.31 13:10:14.408,6.75127,6.7533,1.50,1.13
2012.01.31 13:10:14.719,6.75127,6.7533,1.50,1.13
2012.01.31 13:10:14.916,6.75127,6.7533,1.50,1.13
2012.01.31 13:10:15.369,6.75127,6.7533,1.50,1.13
2012.01.31 13:10:15.767,6.75131,6.7533,1.50,1.13
2012.01.31 13:10:15.832,6.75128,6.7533,1.50,1.13
2012.01.31 13:10:15.964,6.75131,6.7533,1.50,1.13
2012.01.31 13:10:17.368,6.75131,6.75324,1.50,1.13
2012.01.31 13:10:17.798,6.75131,6.75324,1.50,1.13
2012.01.31 13:10:17.975,6.75131,6.75324,1.50,1.13
2012.01.31 13:10:18.437,6.75131,6.75324,1.50,1.13
2012.01.31 13:10:19.046,6.75131,6.75328,1.50,1.13
2012.01.31 13:10:19.530,6.75161,6.75328,1.35,1.13
2012.01.31 13:10:19.607,6.75161,6.75328,1.35,1.13
2012.01.31 13:10:20.204,6.75191,6.75371,1.50,1.13
2012.01.31 13:10:20.344,6.75191,6.75371,2.25,1.13
2012.01.31 13:10:21.474,6.75191,6.75391,1.50,1.13
2012.01.31 13:10:21.749,6.7519,6.75379,1.50,1.13
2012.01.31 13:10:22.265,6.7519,6.75379,1.50,1.13
2012.01.31 13:10:22.337,6.7519,6.75379,1.50,1.13
2012.01.31 13:10:22.825,6.7519,6.75379,1.50,1.13
2012.01.31 13:10:22.899,6.7519,6.75379,1.50,1.13
2012.01.31 13:10:23.028,6.75174,6.75379,1.50,1.13
2012.01.31 13:10:23.098,6.75174,6.75372,1.50,1.13
2012.01.31 13:10:23.290,6.75174,6.75372,1.50,1.13
2012.01.31 13:10:23.705,6.75161,6.75359,1.35,1.13
2012.01.31 13:10:24.045,6.75161,6.75359,1.35,1.13
2012.01.31 13:10:24.457,6.75161,6.75359,1.35,1.13
2012.01.31 13:10:24.984,6.75161,6.75364,1.35,1.13
2012.01.31 13:10:25.053,6.75161,6.75364,1.35,1.13
2012.01.31 13:10:25.844,6.75163,6.75364,1.50,1.13
2012.01.31 13:10:26.153,6.75175,6.75384,1.13,1.13
2012.01.31 13:10:26.285,6.75181,6.75384,1.50,1.13
2012.01.31 13:10:26.356,6.75181,6.75384,1.50,1.13
2012.01.31 13:10:26.608,6.75191,6.75384,1.50,1.13
2012.01.31 13:10:26.676,6.75191,6.75384,1.50,1.13
2012.01.31 13:10:26.987,6.75191,6.75384,1.50,1.13
2012.01.31 13:10:27.062,6.75191,6.75384,1.50,1.13
2012.01.31 13:10:27.706,6.75203,6.75386,1.50,1.13
2012.01.31 13:10:27.953,6.75203,6.75386,1.50,1.13
2012.01.31 13:10:28.036,6.75203,6.75386,1.50,1.13
2012.01.31 13:10:28.157,6.75203,6.75386,1.50,1.13
2012.01.31 13:10:28.513,6.75203,6.75386,1.50,1.13
2012.01.31 13:10:29.154,6.75193,6.75386,1.50,1.13
2012.01.31 13:10:29.695,6.75193,6.75386,1.50,1.13
2012.01.31 13:10:30.938,6.75193,6.75382,1.50,1.13
2012.01.31 13:10:31.009,6.75184,6.75382,1.50,1.88
2012.01.31 13:10:31.136,6.75184,6.75382,1.50,1.13
2012.01.31 13:10:31.446,6.75184,6.75382,1.50,1.13
2012.01.31 13:10:32.094,6.75184,6.75382,1.50,1.13
2012.01.31 13:10:32.168,6.75184,6.75382,1.50,1.13
2012.01.31 13:10:32.234,6.75184,6.75382,1.50,1.13
2012.01.31 13:10:32.364,6.75175,6.75382,1.88,1.13
2012.01.31 13:10:32.637,6.75173,6.7536,1.50,1.13
2012.01.31 13:10:32.709,6.75173,6.7536,1.50,1.13
2012.01.31 13:10:32.988,6.75173,6.7536,1.50,1.13
2012.01.31 13:10:33.266,6.75166,6.7536,1.50,1.13
2012.01.31 13:10:33.647,6.75166,6.7536,1.50,1.13
2012.01.31 13:10:34.077,6.75161,6.75356,1.35,1.13
2012.01.31 13:10:34.530,6.75161,6.75356,1.35,1.13
2012.01.31 13:10:38.153,6.75161,6.75355,1.35,1.13
2012.01.31 13:10:39.793,6.75161,6.75361,1.35,1.13
2012.01.31 13:10:41.734,6.75161,6.75361,1.35,1.13
2012.01.31 13:10:42.603,6.75161,6.75376,1.35,1.13
2012.01.31 13:10:42.797,6.75161,6.75344,1.35,1.13
2012.01.31 13:10:42.926,6.75156,6.75344,1.50,1.13
2012.01.31 13:10:43.128,6.75163,6.75344,1.50,1.13
2012.01.31 13:10:43.255,6.75163,6.75344,1.50,1.13
2012.01.31 13:10:43.331,6.75163,6.75344,1.50,1.13
2012.01.31 13:10:43.405,6.75146,6.75344,1.50,1.13
2012.01.31 13:10:43.743,6.75146,6.75344,1.50,1.13
2012.01.31 13:10:43.942,6.75151,6.75359,1.13,1.13
2012.01.31 13:10:44.205,6.75151,6.75359,1.13,1.13
2012.01.31 13:10:44.456,6.75151,6.75353,1.13,1.50
2012.01.31 13:10:45.088,6.75146,6.75353,1.50,1.50
2012.01.31 13:10:45.263,6.75146,6.75343,1.50,1.50
2012.01.31 13:10:45.478,6.75146,6.75352,1.50,1.50
2012.01.31 13:10:45.747,6.75146,6.75342,1.50,1.50
2012.01.31 13:10:45.863,6.75146,6.75354,1.50,1.13
2012.01.31 13:10:46.628,6.75153,6.75349,1.50,1.13
2012.01.31 13:10:47.041,6.75164,6.75364,1.50,1.13
2012.01.31 13:10:47.763,6.75166,6.75364,1.50,1.13
2012.01.31 13:10:48.169,6.75166,6.75364,1.50,1.13
2012.01.31 13:10:48.607,6.75198,6.75364,1.50,1.13
2012.01.31 13:10:50.324,6.75187,6.75362,1.50,1.13
2012.01.31 13:10:50.736,6.75187,6.75367,1.50,1.13
2012.01.31 13:10:51.149,6.75163,6.75367,1.50,1.13
2012.01.31 13:10:52.016,6.75163,6.75359,1.50,1.13
2012.01.31 13:10:52.143,6.75152,6.75359,1.13,1.13
2012.01.31 13:10:52.463,6.75153,6.75359,1.50,1.13
2012.01.31 13:10:53.694,6.75183,6.75375,2.25,1.13
2012.01.31 13:10:53.826,6.75183,6.75375,3.00,1.13
2012.01.31 13:10:53.902,6.75183,6.75391,3.00,1.13
2012.01.31 13:10:54.447,6.75185,6.75391,1.35,1.13
2012.01.31 13:10:54.928,6.75185,6.75387,1.35,1.13
2012.01.31 13:10:55.318,6.75185,6.75387,1.35,1.13
2012.01.31 13:10:55.772,6.75185,6.75387,1.35,1.13
2012.01.31 13:10:55.845,6.75218,6.75387,1.50,1.13
2012.01.31 13:10:56.453,6.75219,6.75387,1.50,1.13
2012.01.31 13:10:58.395,6.75227,6.75406,1.50,1.50
2012.01.31 13:10:59.518,6.75217,6.75408,1.50,1.50
2012.01.31 13:11:00.257,6.75218,6.75406,1.50,1.50
2012.01.31 13:11:00.667,6.75207,6.75403,1.50,1.50
2012.01.31 13:11:00.985,6.75207,6.7538,1.50,1.13
2012.01.31 13:11:02.091,6.75193,6.75394,1.50,1.13
2012.01.31 13:11:02.730,6.75224,6.75394,1.50,1.13
2012.01.31 13:11:03.394,6.75217,6.75394,1.50,1.13
2012.01.31 13:11:03.531,6.75224,6.75393,1.50,1.13
2012.01.31 13:11:03.850,6.75208,6.75386,1.50,1.50
2012.01.31 13:11:04.005,6.75197,6.75371,1.50,1.13
2012.01.31 13:11:04.136,6.75197,6.75371,1.50,1.13
2012.01.31 13:11:05.902,6.75197,6.75362,1.50,1.13
2012.01.31 13:11:05.981,6.75197,6.75379,1.50,1.13
2012.01.31 13:11:06.176,6.75208,6.75379,1.50,1.13
2012.01.31 13:11:06.446,6.75208,6.75379,1.50,1.13
2012.01.31 13:11:06.584,6.75207,6.75379,1.50,1.13
2012.01.31 13:11:07.719,6.75172,6.75354,1.50,1.13
2012.01.31 13:11:08.356,6.75147,6.75354,1.13,1.13
2012.01.31 13:11:08.514,6.75147,6.75354,1.13,1.13
2012.01.31 13:11:08.975,6.75142,6.75351,1.13,1.13
2012.01.31 13:11:09.107,6.75142,6.75351,1.13,1.13
2012.01.31 13:11:09.518,6.75142,6.75351,1.13,1.13
2012.01.31 13:11:09.915,6.75136,6.75343,1.50,1.13
2012.01.31 13:11:10.296,6.75134,6.75342,1.13,1.50
2012.01.31 13:11:10.485,6.75149,6.75342,1.50,1.50
2012.01.31 13:11:10.730,6.75134,6.75342,1.13,1.50
2012.01.31 13:11:10.942,6.75134,6.75342,1.13,1.50
2012.01.31 13:11:11.119,6.75133,6.75313,1.50,1.13
2012.01.31 13:11:11.317,6.75133,6.75313,1.50,1.13
2012.01.31 13:11:11.595,6.75133,6.75313,1.50,1.13
2012.01.31 13:11:11.753,6.75133,6.75313,1.50,1.13
2012.01.31 13:11:11.932,6.75133,6.75313,1.50,1.13
2012.01.31 13:11:12.440,6.75152,6.75344,2.25,1.13
2012.01.31 13:11:12.588,6.75152,6.75344,2.25,1.13
2012.01.31 13:11:12.964,6.75152,6.75344,2.25,1.13
2012.01.31 13:11:13.100,6.75152,6.75344,2.25,1.13
2012.01.31 13:11:15.069,6.75147,6.75341,1.35,1.13
2012.01.31 13:11:15.707,6.75132,6.75341,1.13,1.13
2012.01.31 13:11:16.005,6.75132,6.75341,1.13,1.13
2012.01.31 13:11:17.192,6.75129,6.75335,1.13,1.13
2012.01.31 13:11:20.241,6.75129,6.75335,1.13,1.13
2012.01.31 13:11:26.016,6.75125,6.75334,1.13,1.13
2012.01.31 13:11:26.083,6.75125,6.75334,1.13,1.13
2012.01.31 13:11:29.098,6.75124,6.75319,1.50,1.13
2012.01.31 13:11:29.723,6.75114,6.75278,1.50,1.13
2012.01.31 13:11:29.822,6.75107,6.75278,1.50,1.13
2012.01.31 13:11:29.904,6.75097,6.75278,1.50,1.13
2012.01.31 13:11:30.227,6.75083,6.75278,1.50,1.13
2012.01.31 13:11:30.963,6.75084,6.75278,1.50,1.13
2012.01.31 13:11:31.917,6.75103,6.75278,1.50,1.13
2012.01.31 13:11:31.986,6.75103,6.75278,1.50,1.13
2012.01.31 13:11:32.615,6.75093,6.75278,1.50,1.13
2012.01.31 13:11:33.595,6.75074,6.75284,1.50,1.13
2012.01.31 13:11:33.996,6.75074,6.7525,1.50,1.13
2012.01.31 13:11:34.074,6.75057,6.75229,1.50,1.13
2012.01.31 13:11:34.150,6.75053,6.75229,1.50,1.13
2012.01.31 13:11:34.714,6.75034,6.75229,1.50,1.13
2012.01.31 13:11:35.115,6.75034,6.75228,1.50,1.13
2012.01.31 13:11:35.785,6.75034,6.75228,1.50,1.13
2012.01.31 13:11:36.345,6.75042,6.75253,1.13,1.50
2012.01.31 13:11:36.428,6.75042,6.75259,1.13,1.13
2012.01.31 13:11:37.118,6.75042,6.75259,1.13,1.13
2012.01.31 13:11:37.234,6.75042,6.75259,1.13,1.13
2012.01.31 13:11:39.266,6.75047,6.75261,1.13,1.13
2012.01.31 13:11:39.452,6.75088,6.75261,1.50,1.13
2012.01.31 13:11:40.040,6.75088,6.75238,1.50,1.13
2012.01.31 13:11:40.428,6.75071,6.75238,1.50,1.13
2012.01.31 13:11:40.520,6.75052,6.75238,1.50,1.13
2012.01.31 13:11:40.863,6.75052,6.75258,1.50,1.13
2012.01.31 13:11:40.940,6.75068,6.75258,1.50,1.13
2012.01.31 13:11:41.010,6.75068,6.75258,1.50,1.13
2012.01.31 13:11:41.088,6.75068,6.75258,1.50,1.13
2012.01.31 13:11:42.007,6.75088,6.75308,2.10,1.50
2012.01.31 13:11:42.565,6.75069,6.75298,2.85,1.50
2012.01.31 13:11:42.694,6.75054,6.75298,2.25,1.50
2012.01.31 13:11:43.695,6.75054,6.75298,2.25,1.50
2012.01.31 13:11:44.028,6.75058,6.75272,2.25,1.50
2012.01.31 13:11:44.458,6.75048,6.7528,2.25,1.50
2012.01.31 13:11:44.644,6.75051,6.7528,2.25,1.50
2012.01.31 13:11:45.139,6.75067,6.7528,1.50,1.50
2012.01.31 13:11:45.266,6.75058,6.75287,3.00,1.50
2012.01.31 13:11:45.454,6.75048,6.75287,1.50,1.50
2012.01.31 13:11:45.594,6.75048,6.75287,1.50,1.50
2012.01.31 13:11:45.665,6.7505,6.75287,1.50,1.50
2012.01.31 13:11:46.378,6.7505,6.75287,1.50,1.50
2012.01.31 13:11:46.824,6.75071,6.75298,1.50,1.50
2012.01.31 13:11:46.910,6.75067,6.75298,1.50,1.50
2012.01.31 13:11:48.704,6.75071,6.75298,1.50,1.50
2012.01.31 13:11:49.306,6.75082,6.75298,1.13,1.50
2012.01.31 13:11:49.404,6.75082,6.75316,1.13,1.35
2012.01.31 13:11:49.484,6.75104,6.75316,1.50,1.35
2012.01.31 13:11:50.234,6.75107,6.75251,1.50,1.13
2012.01.31 13:11:50.734,6.75107,6.75251,1.50,1.13
2012.01.31 13:11:51.587,6.75097,6.75231,1.50,1.13
2012.01.31 13:11:52.354,6.75087,6.75229,1.50,1.13
2012.01.31 13:11:53.355,6.75088,6.75221,1.50,1.13
2012.01.31 13:11:53.575,6.75088,6.75221,1.50,1.13
2012.01.31 13:11:54.216,6.75068,6.75221,1.50,1.13
2012.01.31 13:11:54.372,6.75068,6.75221,1.50,1.13
2012.01.31 13:11:54.503,6.75068,6.75223,1.50,1.13
2012.01.31 13:11:55.654,6.75078,6.75226,1.50,1.13
2012.01.31 13:11:56.593,6.75078,6.7523,1.50,1.13
2012.01.31 13:11:57.142,6.75078,6.7527,1.50,1.13
2012.01.31 13:11:57.711,6.75147,6.7527,1.50,1.13
2012.01.31 13:11:59.008,6.75147,6.75285,1.50,1.13
2012.01.31 13:11:59.133,6.75147,6.75285,1.50,1.13
2012.01.31 13:12:00.643,6.75147,6.75286,1.50,1.13
2012.01.31 13:12:02.733,6.75137,6.75286,1.50,1.13
2012.01.31 13:12:02.848,6.75137,6.75298,1.50,1.50
2012.01.31 13:12:02.980,6.75136,6.75298,1.13,1.50
2012.01.31 13:12:03.580,6.75077,6.75247,1.50,1.13
2012.01.31 13:12:03.876,6.75077,6.75225,1.50,1.13
2012.01.31 13:12:04.005,6.75077,6.75225,1.50,1.13
2012.01.31 13:12:04.775,6.75077,6.75232,1.50,1.13
2012.01.31 13:12:05.410,6.75108,6.75232,1.50,1.13
2012.01.31 13:12:05.881,6.75098,6.75237,1.50,1.13
2012.01.31 13:12:07.036,6.75098,6.75237,1.50,1.13
2012.01.31 13:12:07.856,6.75098,6.75237,1.50,1.13
2012.01.31 13:12:08.254,6.75078,6.75231,1.50,1.13
2012.01.31 13:12:11.206,6.75077,6.75225,1.50,1.13
2012.01.31 13:12:11.721,6.75077,6.752,1.50,1.13
2012.01.31 13:12:11.878,6.75059,6.75193,1.13,1.50
2012.01.31 13:12:12.035,6.75037,6.75182,1.50,1.13
2012.01.31 13:12:12.298,6.75027,6.75182,1.50,1.13
2012.01.31 13:12:12.958,6.75027,6.75189,1.50,1.13
2012.01.31 13:12:13.565,6.75037,6.75189,1.50,1.13
2012.01.31 13:12:14.096,6.75058,6.75203,1.50,1.13
2012.01.31 13:12:14.167,6.75058,6.75203,1.50,1.13
2012.01.31 13:12:14.805,6.75058,6.75203,1.50,1.13
2012.01.31 13:12:15.639,6.75097,6.75227,1.50,1.13
2012.01.31 13:12:15.776,6.75097,6.75227,1.50,1.13
2012.01.31 13:12:15.908,6.75097,6.75245,1.50,1.13
2012.01.31 13:12:16.975,6.75107,6.7525,1.50,1.13
2012.01.31 13:12:18.015,6.75108,6.75256,1.50,1.13
2012.01.31 13:12:18.346,6.75107,6.75286,1.50,1.13
2012.01.31 13:12:18.425,6.75107,6.75286,1.50,1.13
2012.01.31 13:12:18.692,6.75137,6.75286,1.50,1.13
2012.01.31 13:12:19.425,6.75138,6.75285,1.50,1.13
2012.01.31 13:12:21.177,6.75128,6.75291,1.50,1.13
2012.01.31 13:12:21.569,6.75178,6.75315,1.50,1.13
2012.01.31 13:12:21.640,6.75178,6.75315,1.50,1.13
2012.01.31 13:12:22.558,6.75218,6.75356,1.50,1.13
2012.01.31 13:12:22.966,6.75208,6.7534,1.50,1.13
2012.01.31 13:12:23.096,6.75208,6.7534,1.50,1.13
2012.01.31 13:12:24.305,6.75217,6.7534,1.50,1.13
2012.01.31 13:12:25.286,6.75208,6.75325,1.50,1.13
2012.01.31 13:12:29.075,6.75187,6.75323,1.50,1.13
2012.01.31 13:12:30.321,6.75208,6.75359,1.50,1.13
2012.01.31 13:12:30.463,6.75238,6.75359,1.50,1.13
2012.01.31 13:12:31.853,6.75228,6.75359,1.50,1.13
2012.01.31 13:12:32.130,6.75228,6.75343,1.13,1.13
2012.01.31 13:12:32.261,6.75208,6.75321,1.13,1.13
2012.01.31 13:12:32.412,6.75188,6.75321,1.50,1.13
2012.01.31 13:12:32.731,6.75188,6.75321,1.50,1.13
2012.01.31 13:12:33.045,6.75177,6.75321,1.50,1.13
2012.01.31 13:12:33.704,6.75177,6.75309,1.50,1.13
2012.01.31 13:12:34.400,6.75167,6.75309,1.50,1.13
2012.01.31 13:12:34.807,6.75178,6.7531,1.50,1.13
2012.01.31 13:12:36.066,6.75158,6.75303,1.50,1.13
2012.01.31 13:12:36.674,6.75157,6.75303,1.50,1.13
2012.01.31 13:12:36.805,6.75137,6.75296,1.50,1.13
2012.01.31 13:12:37.749,6.75137,6.75296,1.50,1.13
2012.01.31 13:12:38.135,6.75137,6.7529,1.50,1.13
2012.01.31 13:12:39.276,6.75138,6.75286,1.50,1.13
2012.01.31 13:12:40.237,6.75138,6.75283,1.50,1.13
2012.01.31 13:12:41.335,6.75138,6.75282,1.50,1.13
2012.01.31 13:12:42.007,6.75128,6.7525,2.25,1.13
2012.01.31 13:12:42.207,6.75118,6.7525,1.50,1.13
2012.01.31 13:12:42.279,6.75118,6.75229,1.13,1.13
2012.01.31 13:12:42.604,6.75083,6.75229,1.50,1.13
2012.01.31 13:12:42.978,6.75077,6.75229,1.50,1.13
2012.01.31 13:12:43.503,6.75077,6.75216,1.50,1.13
2012.01.31 13:12:44.370,6.75077,6.75238,1.50,1.13
2012.01.31 13:12:44.441,6.75098,6.75238,1.50,1.13
2012.01.31 13:12:44.750,6.75107,6.75238,1.50,1.13
2012.01.31 13:12:45.234,6.75107,6.75238,1.50,1.13
2012.01.31 13:12:46.927,6.75098,6.75243,1.50,1.13
2012.01.31 13:12:47.386,6.75098,6.75243,1.50,1.13
2012.01.31 13:12:47.459,6.75098,6.75271,1.50,1.13
2012.01.31 13:12:48.609,6.75094,6.7525,1.50,1.13
2012.01.31 13:12:49.079,6.75094,6.7525,1.50,1.13
2012.01.31 13:12:49.795,6.75094,6.75244,1.50,1.13
2012.01.31 13:12:50.220,6.75087,6.75244,1.50,1.13
2012.01.31 13:12:50.477,6.75073,6.75244,1.50,1.13
2012.01.31 13:12:50.790,6.75073,6.75238,1.50,1.13
2012.01.31 13:12:51.539,6.75083,6.75238,1.50,1.13
2012.01.31 13:12:52.893,6.75083,6.75238,1.50,1.13
2012.01.31 13:12:53.225,6.75083,6.7525,1.50,1.13
2012.01.31 13:12:53.575,6.75083,6.7525,1.50,1.13
2012.01.31 13:12:54.869,6.75083,6.75251,1.50,1.13
2012.01.31 13:12:55.486,6.75087,6.75251,1.50,1.13
2012.01.31 13:12:56.244,6.75087,6.75265,1.50,1.13
2012.01.31 13:12:56.435,6.75098,6.75265,1.50,1.13
2012.01.31 13:12:57.033,6.75108,6.75265,1.50,1.13
2012.01.31 13:12:57.758,6.75108,6.75274,1.50,1.13
2012.01.31 13:12:58.080,6.75097,6.75274,1.50,1.13
2012.01.31 13:13:00.671,6.75107,6.75268,1.50,1.13
2012.01.31 13:13:01.023,6.75104,6.75268,1.50,1.13
2012.01.31 13:13:02.648,6.75104,6.75268,1.50,1.13
2012.01.31 13:13:05.605,6.75107,6.75264,1.50,1.13
2012.01.31 13:13:05.887,6.75107,6.75264,1.50,1.13
2012.01.31 13:13:06.797,6.75104,6.75263,1.50,1.13
2012.01.31 13:13:08.335,6.75108,6.75263,1.50,1.13
2012.01.31 13:13:09.710,6.75107,6.75261,1.50,1.13
2012.01.31 13:13:12.646,6.75107,6.75295,1.50,1.13
2012.01.31 13:13:13.275,6.75137,6.75295,1.50,1.13
2012.01.31 13:13:13.462,6.75137,6.75295,1.50,1.13
2012.01.31 13:13:13.766,6.75137,6.75304,1.50,1.13
2012.01.31 13:13:15.458,6.75137,6.75308,1.50,1.13
2012.01.31 13:13:16.503,6.75137,6.75301,1.50,1.13
2012.01.31 13:13:18.469,6.75137,6.75302,1.50,1.13
2012.01.31 13:13:18.811,6.75147,6.75326,1.50,1.13
2012.01.31 13:13:18.947,6.75158,6.75326,1.50,1.13
2012.01.31 13:13:20.297,6.75158,6.75327,1.50,1.13
2012.01.31 13:13:20.868,6.75158,6.75327,1.50,1.13
2012.01.31 13:13:20.997,6.75148,6.75303,1.50,1.13
2012.01.31 13:13:21.257,6.75145,6.75303,1.50,1.13
2012.01.31 13:13:21.579,6.75144,6.75303,1.50,1.13
2012.01.31 13:13:22.024,6.75144,6.75303,1.50,1.13
2012.01.31 13:13:22.103,6.75127,6.75303,1.50,1.13
2012.01.31 13:13:24.554,6.75127,6.753,1.50,1.13
2012.01.31 13:13:25.234,6.75121,6.75282,1.50,1.13
2012.01.31 13:13:25.368,6.75121,6.75282,1.50,1.13
2012.01.31 13:13:27.518,6.75113,6.75281,1.50,1.13
2012.01.31 13:13:28.750,6.75134,6.75291,1.50,1.13
2012.01.31 13:13:28.994,6.75127,6.75291,1.50,1.13
2012.01.31 13:13:29.498,6.75123,6.75291,1.50,1.13
2012.01.31 13:13:30.283,6.75123,6.75256,1.50,1.13
2012.01.31 13:13:30.418,6.75113,6.75256,1.50,1.13
2012.01.31 13:13:31.258,6.75104,6.75256,1.50,1.13
2012.01.31 13:13:31.547,6.75104,6.75251,1.50,1.13
2012.01.31 13:13:32.744,6.75104,6.75251,1.50,1.13
2012.01.31 13:13:33.606,6.75104,6.75252,1.50,1.13
2012.01.31 13:13:34.766,6.75087,6.75252,1.50,1.13
2012.01.31 13:13:34.838,6.75086,6.75247,1.50,1.13
2012.01.31 13:13:38.435,6.75084,6.75247,1.50,1.13
2012.01.31 13:13:38.506,6.75084,6.75259,1.50,1.13
2012.01.31 13:13:38.799,6.75114,6.75259,1.50,1.13
2012.01.31 13:13:39.659,6.75118,6.7527,1.50,1.13
2012.01.31 13:13:40.646,6.75124,6.75272,1.50,1.13
2012.01.31 13:13:41.712,6.75124,6.75272,1.50,1.13
2012.01.31 13:13:43.126,6.75124,6.7529,1.50,1.13
2012.01.31 13:13:43.628,6.75133,6.7529,1.50,1.13
2012.01.31 13:13:44.508,6.75133,6.75292,1.50,1.13
2012.01.31 13:13:45.020,6.75133,6.75292,1.50,1.13
2012.01.31 13:13:45.515,6.75133,6.75296,1.50,1.13
2012.01.31 13:13:45.980,6.75141,6.75323,1.35,1.50
2012.01.31 13:13:46.057,6.75198,6.75324,1.50,1.13
2012.01.31 13:13:47.628,6.75198,6.75345,1.50,1.13
2012.01.31 13:13:48.687,6.75177,6.75346,1.50,1.13
2012.01.31 13:13:49.256,6.75187,6.75346,1.50,1.13
2012.01.31 13:13:49.693,6.75177,6.75331,1.50,1.13
2012.01.31 13:13:50.367,6.75177,6.75331,1.50,1.13
2012.01.31 13:13:50.628,6.75204,6.75331,1.50,1.13
2012.01.31 13:13:50.828,6.75188,6.75341,1.35,1.13
2012.01.31 13:13:51.151,6.75194,6.75341,1.50,1.13
2012.01.31 13:13:52.114,6.75194,6.75335,1.50,1.13
2012.01.31 13:13:53.075,6.75194,6.75345,1.50,1.13
2012.01.31 13:13:53.862,6.75197,6.75357,1.50,1.50
2012.01.31 13:13:54.139,6.75194,6.75346,1.50,1.13
2012.01.31 13:13:56.858,6.75194,6.75343,1.50,1.13
2012.01.31 13:13:57.977,6.75187,6.75349,1.50,1.50
2012.01.31 13:13:58.159,6.75187,6.75349,1.50,1.50
2012.01.31 13:13:59.168,6.75198,6.7536,1.50,1.50
2012.01.31 13:14:00.901,6.75198,6.7536,1.50,1.50
2012.01.31 13:14:01.978,6.75198,6.7536,1.50,1.50
2012.01.31 13:14:02.804,6.75238,6.75373,1.13,1.50
2012.01.31 13:14:03.976,6.75192,6.75356,1.50,1.50
2012.01.31 13:14:04.047,6.75192,6.75356,1.50,1.50
2012.01.31 13:14:05.454,6.75234,6.75362,1.13,1.50
2012.01.31 13:14:07.196,6.75229,6.75352,1.13,1.50
2012.01.31 13:14:07.416,6.75229,6.75352,1.13,1.50
2012.01.31 13:14:09.388,6.75246,6.75355,1.13,1.13
2012.01.31 13:14:09.805,6.75246,6.75355,1.13,1.13
2012.01.31 13:14:10.035,6.75214,6.75342,1.13,1.50
2012.01.31 13:14:10.108,6.75187,6.75342,1.13,1.50
2012.01.31 13:14:10.180,6.75187,6.75312,1.13,1.50
2012.01.31 13:14:10.856,6.75187,6.75323,1.13,1.50
2012.01.31 13:14:11.238,6.75189,6.75323,1.13,1.50
2012.01.31 13:14:11.844,6.75189,6.7535,1.13,1.50
2012.01.31 13:14:12.154,6.75189,6.75353,1.13,1.50
2012.01.31 13:14:12.328,6.75203,6.75353,1.13,1.50
2012.01.31 13:14:13.041,6.75203,6.75366,1.13,1.50
2012.01.31 13:14:13.570,6.75188,6.75332,1.13,1.50
2012.01.31 13:14:14.816,6.75191,6.75343,1.13,1.50
2012.01.31 13:14:15.458,6.75191,6.75303,1.13,1.13
2012.01.31 13:14:15.837,6.75161,6.75303,1.13,1.50
2012.01.31 13:14:15.923,6.75161,6.75313,1.13,1.50
2012.01.31 13:14:16.060,6.75161,6.75313,1.13,1.50
2012.01.31 13:14:16.624,6.75173,6.75313,1.13,1.50
2012.01.31 13:14:20.518,6.75174,6.75302,1.13,1.50
2012.01.31 13:14:21.249,6.7512,6.75284,1.50,1.50
2012.01.31 13:14:22.016,6.75159,6.75303,1.13,1.50
2012.01.31 13:14:22.244,6.75169,6.75303,1.13,1.50
2012.01.31 13:14:25.143,6.75194,6.75313,1.13,1.50
2012.01.31 13:14:25.356,6.75194,6.75363,1.13,1.50
2012.01.31 13:14:25.578,6.75194,6.75356,1.13,1.50
2012.01.31 13:14:26.758,6.75202,6.75322,1.13,1.50
2012.01.31 13:14:27.085,6.75202,6.75352,1.13,1.50
2012.01.31 13:14:27.417,6.75225,6.75363,1.13,1.50
2012.01.31 13:14:27.878,6.75225,6.75382,1.13,1.50
2012.01.31 13:14:29.255,6.7523,6.75363,1.13,1.50
2012.01.31 13:14:30.155,6.7523,6.75372,1.13,1.50
2012.01.31 13:14:30.571,6.7523,6.75382,1.13,1.50
2012.01.31 13:14:31.237,6.75217,6.75363,1.13,1.50
2012.01.31 13:14:32.322,6.75216,6.75342,1.13,1.50
2012.01.31 13:14:32.399,6.75216,6.75342,1.13,1.50
2012.01.31 13:14:32.707,6.75216,6.75342,1.13,1.50
2012.01.31 13:14:33.255,6.75215,6.75342,1.13,1.50
2012.01.31 13:14:33.486,6.75215,6.75342,1.13,1.50
2012.01.31 13:14:33.819,6.75194,6.75333,1.13,1.50
2012.01.31 13:14:34.712,6.75224,6.75367,1.13,1.50
2012.01.31 13:14:36.956,6.75226,6.75383,1.13,1.50
2012.01.31 13:14:37.190,6.752,6.75373,1.13,1.50
2012.01.31 13:14:37.343,6.752,6.75323,1.13,1.50
2012.01.31 13:14:37.931,6.75157,6.75333,1.13,1.50
2012.01.31 13:14:38.437,6.75157,6.75292,1.13,3.00
2012.01.31 13:14:39.069,6.75145,6.75292,1.13,1.50
2012.01.31 13:14:39.957,6.75173,6.75292,1.50,1.13
2012.01.31 13:14:40.492,6.75207,6.75306,1.13,1.50
2012.01.31 13:14:40.590,6.75207,6.75333,1.13,1.50
2012.01.31 13:14:40.960,6.75186,6.75323,1.13,1.50
2012.01.31 13:14:42.194,6.75176,6.75342,1.13,1.50
2012.01.31 13:14:42.338,6.75176,6.75322,1.13,1.50
2012.01.31 13:14:42.554,6.75176,6.75322,1.13,1.50
2012.01.31 13:14:42.705,6.75176,6.75313,1.13,1.50
2012.01.31 13:14:43.014,6.75173,6.75313,1.13,1.50
2012.01.31 13:14:43.150,6.75206,6.75323,1.50,1.13
2012.01.31 13:14:43.351,6.75212,6.75353,1.13,1.50
2012.01.31 13:14:43.691,6.75212,6.75343,1.13,1.50
2012.01.31 13:14:44.081,6.75172,6.75334,1.50,1.50
2012.01.31 13:14:44.168,6.75143,6.75305,1.50,1.50
2012.01.31 13:14:45.305,6.75133,6.75294,1.50,1.50
2012.01.31 13:14:46.316,6.75124,6.75281,1.50,1.50
2012.01.31 13:14:47.487,6.75113,6.75255,1.50,1.13
2012.01.31 13:14:48.002,6.7507,6.75232,1.50,1.50
2012.01.31 13:14:48.359,6.75016,6.75163,1.50,1.13
2012.01.31 13:14:48.441,6.75016,6.75163,1.50,1.13
2012.01.31 13:14:48.944,6.75016,6.75173,1.50,1.50
2012.01.31 13:14:49.546,6.75016,6.75162,1.50,1.13
2012.01.31 13:14:49.969,6.74993,6.75162,1.50,1.88
2012.01.31 13:14:50.181,6.75007,6.75168,1.50,1.13
2012.01.31 13:14:50.456,6.75024,6.75172,1.50,1.13
2012.01.31 13:14:50.676,6.75001,6.75163,1.50,1.50
2012.01.31 13:14:50.998,6.75004,6.75152,1.50,1.50
2012.01.31 13:14:51.194,6.75004,6.75166,1.50,1.13
2012.01.31 13:14:52.261,6.75004,6.75174,1.50,1.13
2012.01.31 13:14:53.435,6.75045,6.7522,1.35,1.13
2012.01.31 13:14:53.647,6.75066,6.7522,2.25,1.13
2012.01.31 13:14:54.684,6.7506,6.75227,2.25,1.13
2012.01.31 13:14:55.450,6.75054,6.75227,1.50,1.13
2012.01.31 13:14:55.531,6.75054,6.75223,1.50,1.50
2012.01.31 13:14:55.757,6.75045,6.75223,2.10,1.50
2012.01.31 13:14:56.178,6.75066,6.7523,1.50,1.50
2012.01.31 13:14:56.559,6.75123,6.75266,1.35,1.50
2012.01.31 13:14:56.645,6.75172,6.7531,2.25,1.13
2012.01.31 13:14:57.220,6.75154,6.75325,1.50,1.13
2012.01.31 13:14:57.672,6.75173,6.75325,2.25,1.13
2012.01.31 13:14:58.198,6.75173,6.75325,2.25,1.13
2012.01.31 13:14:58.706,6.75157,6.75325,1.50,1.13
2012.01.31 13:14:59.028,6.75154,6.75322,1.50,1.50
2012.01.31 13:14:59.562,6.75154,6.75325,1.50,1.13
2012.01.31 13:15:00.114,6.75145,6.75323,1.50,1.50
2012.01.31 13:15:00.303,6.75157,6.75327,1.50,1.13
2012.01.31 13:15:00.579,6.75154,6.75322,1.50,1.50
2012.01.31 13:15:00.660,6.75148,6.75293,3.00,1.13
2012.01.31 13:15:00.797,6.75145,6.75269,1.50,1.13
2012.01.31 13:15:01.201,6.75145,6.75269,1.50,1.13
2012.01.31 13:15:01.489,6.75094,6.75252,1.50,1.50
2012.01.31 13:15:01.942,6.75084,6.75243,1.50,1.50
2012.01.31 13:15:02.926,6.75099,6.75263,1.50,1.13
2012.01.31 13:15:03.668,6.75126,6.75262,1.67,1.13
2012.01.31 13:15:03.735,6.75109,6.75262,1.68,1.13
2012.01.31 13:15:03.865,6.75109,6.75253,1.68,1.13
2012.01.31 13:15:03.936,6.75109,6.75249,1.68,1.13
2012.01.31 13:15:04.410,6.75119,6.75252,1.40,1.13
2012.01.31 13:15:04.773,6.75129,6.75249,1.13,1.13
2012.01.31 13:15:05.098,6.75131,6.75278,1.69,1.13
2012.01.31 13:15:05.408,6.75127,6.75278,1.27,1.13
2012.01.31 13:15:05.754,6.75127,6.75252,1.27,1.13
2012.01.31 13:15:05.916,6.75127,6.75249,1.27,1.13
2012.01.31 13:15:06.342,6.75127,6.75252,1.27,1.13
2012.01.31 13:15:06.419,6.75138,6.75266,1.35,1.13
2012.01.31 13:15:06.556,6.75147,6.75266,1.23,1.13
2012.01.31 13:15:06.859,6.7513,6.75266,1.27,1.13
2012.01.31 13:15:06.942,6.7513,6.75266,1.27,1.13
2012.01.31 13:15:07.015,6.7513,6.75266,1.27,1.13
2012.01.31 13:15:07.084,6.7513,6.75266,1.27,1.13
2012.01.31 13:15:07.154,6.7513,6.75263,1.27,1.50
2012.01.31 13:15:07.485,6.75119,6.75243,1.13,1.50
2012.01.31 13:15:07.915,6.75106,6.75233,1.09,1.50
2012.01.31 13:15:08.442,6.75106,6.75249,1.09,1.13
2012.01.31 13:15:08.519,6.7512,6.75243,1.13,1.50
2012.01.31 13:15:08.791,6.7512,6.75237,1.13,1.13
2012.01.31 13:15:09.114,6.7511,6.75237,1.22,1.13
2012.01.31 13:15:09.306,6.75097,6.75222,1.15,1.50
2012.01.31 13:15:10.198,6.75088,6.75241,1.45,1.50
2012.01.31 13:15:10.555,6.75088,6.75241,1.45,1.50
2012.01.31 13:15:11.153,6.75078,6.7524,2.01,1.13
2012.01.31 13:15:11.707,6.75089,6.75237,1.13,1.13
2012.01.31 13:15:12.108,6.75078,6.7524,1.13,1.13
2012.01.31 13:15:12.567,6.75084,6.7524,1.24,1.50
2012.01.31 13:15:13.002,6.75075,6.75213,1.45,1.13
2012.01.31 13:15:13.317,6.75075,6.75232,1.45,1.50
2012.01.31 13:15:13.753,6.75074,6.75222,1.69,1.50
2012.01.31 13:15:14.552,6.75064,6.75202,1.35,1.13
2012.01.31 13:15:14.876,6.7503,6.7519,1.69,1.13
2012.01.31 13:15:15.008,6.75005,6.75166,1.50,1.50
2012.01.31 13:15:15.204,6.74981,6.75165,1.19,1.50
2012.01.31 13:15:15.803,6.74974,6.75166,1.35,1.50
2012.01.31 13:15:16.197,6.74968,6.75156,1.50,1.50
2012.01.31 13:15:16.541,6.74958,6.75156,1.69,1.50
2012.01.31 13:15:16.816,6.74977,6.75176,1.69,1.50
2012.01.31 13:15:17.316,6.74973,6.75173,1.22,1.50
2012.01.31 13:15:18.129,6.74983,6.75163,1.19,1.50
2012.01.31 13:15:18.638,6.74983,6.75172,1.19,1.50
2012.01.31 13:15:19.525,6.74983,6.75162,1.19,1.50
2012.01.31 13:15:20.265,6.74973,6.75153,1.32,1.50
2012.01.31 13:15:20.489,6.74963,6.75132,1.69,1.50
2012.01.31 13:15:20.995,6.74929,6.75112,1.75,1.50
2012.01.31 13:15:21.541,6.74928,6.75122,2.50,1.50
2012.01.31 13:15:21.678,6.74959,6.75152,1.35,1.50
2012.01.31 13:15:22.066,6.7496,6.75153,1.23,1.50
2012.01.31 13:15:22.140,6.7496,6.75153,1.23,1.50
2012.01.31 13:15:23.199,6.74958,6.75142,1.54,1.50
2012.01.31 13:15:23.809,6.74989,6.75152,1.50,1.50
2012.01.31 13:15:24.137,6.74968,6.75152,1.54,1.50
2012.01.31 13:15:24.684,6.74974,6.75142,1.35,1.50
2012.01.31 13:15:24.764,6.75019,6.75183,1.50,1.50
2012.01.31 13:15:25.146,6.75019,6.75183,1.50,1.50
2012.01.31 13:15:25.292,6.75011,6.75173,1.50,1.50
2012.01.31 13:15:25.374,6.75001,6.75172,1.50,1.50
2012.01.31 13:15:25.692,6.75012,6.75174,1.50,1.50
2012.01.31 13:15:26.331,6.75,6.75172,1.54,1.50
2012.01.31 13:15:27.203,6.75,6.75172,1.54,1.50
2012.01.31 13:15:28.524,6.7501,6.75177,1.50,1.50
2012.01.31 13:15:28.812,6.7501,6.75172,1.50,1.50
2012.01.31 13:15:29.202,6.74991,6.75162,1.50,1.50
2012.01.31 13:15:29.336,6.74991,6.75162,1.50,1.50
2012.01.31 13:15:30.543,6.74991,6.75162,1.50,1.50
2012.01.31 13:15:31.253,6.74998,6.75172,1.50,1.50
2012.01.31 13:15:31.403,6.74978,6.75172,1.54,1.50
2012.01.31 13:15:31.925,6.74988,6.75177,1.54,1.50
2012.01.31 13:15:32.660,6.74992,6.75156,1.50,1.50
2012.01.31 13:15:32.736,6.74992,6.75162,1.50,1.50
2012.01.31 13:15:33.077,6.74992,6.75156,1.50,1.50
2012.01.31 13:15:33.145,6.74992,6.75156,1.50,1.50
2012.01.31 13:15:33.928,6.74974,6.75153,1.39,1.50
2012.01.31 13:15:34.273,6.74977,6.75173,1.54,1.50
2012.01.31 13:15:36.544,6.74974,6.75152,1.39,1.50
2012.01.31 13:15:37.456,6.74958,6.75152,1.54,1.50
2012.01.31 13:15:37.918,6.74958,6.75152,1.54,1.50
2012.01.31 13:15:38.988,6.74965,6.75143,1.50,1.50
2012.01.31 13:15:39.066,6.74998,6.75143,1.50,1.50
2012.01.31 13:15:39.615,6.75028,6.75217,1.61,1.50
2012.01.31 13:15:39.826,6.75038,6.75217,1.50,1.50
2012.01.31 13:15:40.123,6.75049,6.75217,1.50,1.50
2012.01.31 13:15:40.254,6.75049,6.75217,1.50,1.50
2012.01.31 13:15:40.947,6.75049,6.75213,1.50,1.50
2012.01.31 13:15:41.279,6.75028,6.75222,1.61,1.50
2012.01.31 13:15:41.634,6.75018,6.75192,1.50,1.50
2012.01.31 13:15:41.835,6.75004,6.75192,1.54,1.50
2012.01.31 13:15:42.050,6.75023,6.75192,1.50,1.50
2012.01.31 13:15:42.576,6.75012,6.75176,1.65,1.50
2012.01.31 13:15:42.646,6.75012,6.75176,1.50,1.50
2012.01.31 13:15:44.046,6.75012,6.75176,1.50,1.50
2012.01.31 13:15:45.024,6.75012,6.75176,1.50,1.50
2012.01.31 13:15:45.094,6.75012,6.75187,1.50,1.50
2012.01.31 13:15:45.957,6.75021,6.75185,1.50,1.50
2012.01.31 13:15:46.334,6.75021,6.75185,1.50,1.50
2012.01.31 13:15:47.084,6.75007,6.75182,1.62,1.50
2012.01.31 13:15:47.636,6.75022,6.75184,1.50,1.50
2012.01.31 13:15:47.857,6.75007,6.75182,1.54,1.50
2012.01.31 13:15:48.562,6.75007,6.75169,1.50,1.50
2012.01.31 13:15:48.637,6.75007,6.75169,1.50,1.50
2012.01.31 13:15:48.706,6.75031,6.75177,1.13,1.50
2012.01.31 13:15:49.455,6.75031,6.75177,1.13,1.50
2012.01.31 13:15:49.767,6.75031,6.75177,1.13,1.50
2012.01.31 13:15:51.132,6.75025,6.75166,1.13,1.50
2012.01.31 13:15:54.310,6.75015,6.75173,1.13,1.50
2012.01.31 13:15:54.447,6.75015,6.75173,1.13,1.50
2012.01.31 13:15:54.760,6.7498,6.75151,1.13,1.13
2012.01.31 13:15:54.911,6.7498,6.75138,1.13,2.25
2012.01.31 13:15:55.132,6.74938,6.751,1.50,1.50
2012.01.31 13:15:55.269,6.74938,6.751,1.50,1.50
2012.01.31 13:15:55.412,6.74926,6.75088,1.50,1.50
2012.01.31 13:15:56.022,6.7495,6.75114,1.50,1.50
2012.01.31 13:15:56.166,6.74936,6.751,1.54,1.50
2012.01.31 13:15:56.805,6.74949,6.75111,1.64,1.50
2012.01.31 13:15:56.994,6.74949,6.75111,1.64,1.50
2012.01.31 13:15:57.919,6.74992,6.75144,1.13,1.50
2012.01.31 13:15:58.328,6.74992,6.75144,1.13,1.50
2012.01.31 13:15:58.588,6.74992,6.75144,1.13,1.50
2012.01.31 13:15:58.715,6.74992,6.75126,1.13,1.50
2012.01.31 13:15:58.921,6.75018,6.75145,1.50,1.50
2012.01.31 13:15:58.996,6.75018,6.75152,1.50,1.50
2012.01.31 13:15:59.130,6.75056,6.75152,1.13,1.50
2012.01.31 13:15:59.207,6.75056,6.75175,1.13,1.50
2012.01.31 13:15:59.557,6.75056,6.75177,1.13,1.50
2012.01.31 13:15:59.628,6.75056,6.75177,1.13,1.50
2012.01.31 13:16:00.133,6.75056,6.75177,1.13,1.50
2012.01.31 13:16:01.484,6.75056,6.75177,1.13,1.50
2012.01.31 13:16:01.558,6.75056,6.75193,1.13,1.35
2012.01.31 13:16:01.704,6.75056,6.75193,1.13,1.35
2012.01.31 13:16:02.471,6.75057,6.75193,1.13,1.35
2012.01.31 13:16:02.645,6.75057,6.75193,1.13,1.35
2012.01.31 13:16:04.229,6.75055,6.75193,1.13,1.35
2012.01.31 13:16:04.488,6.75041,6.75193,1.13,1.35
2012.01.31 13:16:04.953,6.75041,6.75187,1.13,1.50
2012.01.31 13:16:05.140,6.75041,6.75187,1.13,1.50
2012.01.31 13:16:05.275,6.75041,6.75187,1.13,1.50
2012.01.31 13:16:05.346,6.75022,6.75187,1.13,1.50
2012.01.31 13:16:05.691,6.75022,6.75167,1.13,1.50
2012.01.31 13:16:05.765,6.75022,6.75167,1.13,1.50
2012.01.31 13:16:05.834,6.75022,6.75167,1.13,1.50
2012.01.31 13:16:06.714,6.75018,6.75167,1.13,1.50
2012.01.31 13:16:06.791,6.75018,6.75167,1.13,1.50
2012.01.31 13:16:07.005,6.75018,6.75167,1.13,1.50
2012.01.31 13:16:07.189,6.75018,6.75187,1.13,1.13
2012.01.31 13:16:07.271,6.75076,6.75193,1.13,1.50
2012.01.31 13:16:07.599,6.75076,6.75216,1.13,1.50
2012.01.31 13:16:07.804,6.75076,6.75227,1.13,1.50
2012.01.31 13:16:08.282,6.7508,6.75227,1.13,1.50
2012.01.31 13:16:08.734,6.7508,6.75237,1.13,1.50
2012.01.31 13:16:09.493,6.75065,6.75241,1.13,3.00
2012.01.31 13:16:09.571,6.75065,6.75231,1.13,1.50
2012.01.31 13:16:10.438,6.75065,6.75197,1.13,1.50
2012.01.31 13:16:11.460,6.74962,6.75141,1.63,1.50
2012.01.31 13:16:11.540,6.74957,6.75141,1.74,1.50
2012.01.31 13:16:11.688,6.74958,6.75128,1.06,1.50
2012.01.31 13:16:13.404,6.74964,6.75128,1.54,1.50
2012.01.31 13:16:13.876,6.74953,6.75103,1.07,1.50
2012.01.31 13:16:14.437,6.7495,6.75124,1.02,1.50
2012.01.31 13:16:14.657,6.74954,6.75152,1.17,1.50
2012.01.31 13:16:15.534,6.74972,6.75142,1.27,1.50
2012.01.31 13:16:15.732,6.74972,6.75172,1.66,1.50
2012.01.31 13:16:15.807,6.74997,6.75172,1.51,1.50
2012.01.31 13:16:17.438,6.74997,6.75172,1.51,1.50
2012.01.31 13:16:18.119,6.75031,6.75195,1.50,1.50
2012.01.31 13:16:18.600,6.75031,6.75195,1.54,1.50
2012.01.31 13:16:18.680,6.75031,6.75195,1.54,1.50
2012.01.31 13:16:19.446,6.75031,6.75195,1.54,1.50
2012.01.31 13:16:19.584,6.75031,6.75195,1.54,1.50
2012.01.31 13:16:20.882,6.75042,6.75206,1.54,1.50
2012.01.31 13:16:21.899,6.75042,6.75183,1.54,1.50
2012.01.31 13:16:22.223,6.74999,6.75178,1.54,1.13
2012.01.31 13:16:22.553,6.74979,6.75172,1.65,1.50
2012.01.31 13:16:22.985,6.74984,6.75178,1.54,1.13
2012.01.31 13:16:23.055,6.74984,6.75172,1.54,1.13
2012.01.31 13:16:23.945,6.74973,6.7516,1.50,1.13
2012.01.31 13:16:26.351,6.74963,6.75112,1.50,1.50
2012.01.31 13:16:26.586,6.74953,6.75114,1.54,1.50
2012.01.31 13:16:27.164,6.74953,6.75114,1.50,1.50
2012.01.31 13:16:27.296,6.74953,6.75112,1.50,1.50
2012.01.31 13:16:28.477,6.74953,6.75102,1.50,1.50
2012.01.31 13:16:28.613,6.74953,6.75102,1.50,1.50
2012.01.31 13:16:29.031,6.74973,6.7512,1.50,1.13
2012.01.31 13:16:29.447,6.74973,6.7512,1.50,1.13
2012.01.31 13:16:30.660,6.74973,6.75123,1.50,1.50
2012.01.31 13:16:31.315,6.74973,6.75124,1.50,1.13
2012.01.31 13:16:32.643,6.74973,6.75126,1.50,1.13
2012.01.31 13:16:33.614,6.74992,6.75124,1.13,1.13
2012.01.31 13:16:33.902,6.74992,6.75124,1.13,1.13
2012.01.31 13:16:34.124,6.74992,6.75124,1.13,1.13
2012.01.31 13:16:34.562,6.74992,6.75124,1.13,1.13
2012.01.31 13:16:36.216,6.74992,6.75132,1.13,1.50
2012.01.31 13:16:37.311,6.74994,6.75143,1.13,1.50
2012.01.31 13:16:38.311,6.74973,6.75128,1.50,1.13
2012.01.31 13:16:38.457,6.74973,6.75126,1.50,1.13
2012.01.31 13:16:38.525,6.74973,6.75122,1.50,1.13
2012.01.31 13:16:39.468,6.74973,6.75125,1.50,1.13
2012.01.31 13:16:39.534,6.74973,6.75128,1.50,1.13
2012.01.31 13:16:40.494,6.74992,6.75133,1.13,1.50
2012.01.31 13:16:41.107,6.74973,6.75128,1.50,1.13
2012.01.31 13:16:41.324,6.74973,6.75126,1.50,1.13
2012.01.31 13:16:42.209,6.74973,6.75128,1.50,1.13
2012.01.31 13:16:43.023,6.74973,6.75128,1.50,1.50
2012.01.31 13:16:44.403,6.74991,6.75132,1.13,1.50
2012.01.31 13:16:45.404,6.74994,6.75132,1.13,1.50
2012.01.31 13:16:46.387,6.74994,6.75124,1.13,1.13
2012.01.31 13:16:46.454,6.74973,6.75127,1.50,1.13
2012.01.31 13:16:48.086,6.74994,6.75132,1.13,1.50
2012.01.31 13:16:51.712,6.74994,6.75152,1.13,1.50
2012.01.31 13:16:51.842,6.74994,6.75152,1.13,1.50
2012.01.31 13:16:53.393,6.7501,6.75152,1.13,1.50
2012.01.31 13:16:56.217,6.75006,6.75163,1.13,1.50
2012.01.31 13:16:56.681,6.74976,6.7514,1.54,1.50
2012.01.31 13:16:58.046,6.74967,6.75117,1.58,1.13
2012.01.31 13:16:58.937,6.74967,6.75111,1.58,1.13
2012.01.31 13:17:00.741,6.74967,6.75111,1.54,1.13
2012.01.31 13:17:00.815,6.74987,6.75126,1.50,1.13
2012.01.31 13:17:02.994,6.74978,6.75126,1.70,1.13
2012.01.31 13:17:06.035,6.74978,6.75124,1.70,1.13
2012.01.31 13:17:08.819,6.74978,6.75124,1.70,1.13
2012.01.31 13:17:10.189,6.74978,6.75116,1.60,1.13
2012.01.31 13:17:10.405,6.74978,6.75116,1.54,1.13
2012.01.31 13:17:11.416,6.74968,6.75116,1.63,1.13
2012.01.31 13:17:11.482,6.74968,6.75112,1.63,1.13
2012.01.31 13:17:12.736,6.74968,6.75112,1.54,1.13
2012.01.31 13:17:15.137,6.74962,6.75095,1.54,1.13
2012.01.31 13:17:15.602,6.74944,6.75095,1.64,1.13
2012.01.31 13:17:15.684,6.74957,6.75095,1.54,1.13
2012.01.31 13:17:16.404,6.74957,6.75109,1.54,1.13
2012.01.31 13:17:16.755,6.74957,6.75109,1.54,1.13
2012.01.31 13:17:19.922,6.74957,6.75109,1.63,1.13
2012.01.31 13:17:23.754,6.74957,6.7511,1.63,1.13
2012.01.31 13:17:24.003,6.74965,6.75142,1.49,1.13
2012.01.31 13:17:24.714,6.74987,6.75118,1.50,1.13
2012.01.31 13:17:25.765,6.74977,6.75127,1.50,1.13
2012.01.31 13:17:26.266,6.74977,6.75127,1.50,1.13
2012.01.31 13:17:27.645,6.74977,6.7512,1.50,1.13
2012.01.31 13:17:28.211,6.75012,6.7512,1.13,1.13
2012.01.31 13:17:28.768,6.75047,6.75171,1.50,1.13
2012.01.31 13:17:28.846,6.75047,6.75171,1.50,1.13
2012.01.31 13:17:29.326,6.75048,6.75177,1.50,1.13
2012.01.31 13:17:29.560,6.75048,6.75177,1.50,1.13
2012.01.31 13:17:30.561,6.75048,6.75174,1.50,1.13
2012.01.31 13:17:30.931,6.75063,6.75237,1.13,1.50
2012.01.31 13:17:31.147,6.75048,6.75205,1.50,1.50
2012.01.31 13:17:32.689,6.75063,6.75243,1.13,1.50
2012.01.31 13:17:32.822,6.75081,6.75244,1.13,1.35
2012.01.31 13:17:33.474,6.75047,6.75244,1.50,1.35
2012.01.31 13:17:33.724,6.75057,6.75227,1.50,1.50
2012.01.31 13:17:34.355,6.75038,6.75178,1.50,1.35
2012.01.31 13:17:34.639,6.75047,6.75217,1.50,1.50
2012.01.31 13:17:34.777,6.75047,6.75217,1.50,1.50
2012.01.31 13:17:35.510,6.75027,6.75217,1.88,1.50
2012.01.31 13:17:35.954,6.75027,6.75207,1.13,1.50
2012.01.31 13:17:36.536,6.75008,6.75187,1.13,1.50
2012.01.31 13:17:36.688,6.75008,6.75187,1.13,1.50
2012.01.31 13:17:39.005,6.75022,6.75187,1.13,1.50
2012.01.31 13:17:39.091,6.75022,6.75187,1.13,1.50
2012.01.31 13:17:39.799,6.75028,6.75196,1.50,1.50
2012.01.31 13:17:40.164,6.75008,6.75158,1.50,1.50
2012.01.31 13:17:40.646,6.75025,6.75196,1.13,1.50
2012.01.31 13:17:41.161,6.75016,6.75192,1.13,1.50
2012.01.31 13:17:41.805,6.75023,6.75186,1.13,1.50
2012.01.31 13:17:42.252,6.75023,6.75192,1.13,1.50
2012.01.31 13:17:42.644,6.75008,6.75155,1.50,1.50
2012.01.31 13:17:43.683,6.75008,6.75139,1.50,1.50
2012.01.31 13:17:44.903,6.74997,6.75148,1.50,1.50
2012.01.31 13:17:45.515,6.75015,6.75148,1.13,1.50
2012.01.31 13:17:45.814,6.75007,6.75162,1.50,1.50
2012.01.31 13:17:45.883,6.75007,6.75162,1.50,1.50
2012.01.31 13:17:46.480,6.75023,6.75162,1.13,1.50
2012.01.31 13:17:46.823,6.75044,6.75172,1.13,1.50
2012.01.31 13:17:48.852,6.75044,6.75173,1.13,1.50
2012.01.31 13:17:50.914,6.75025,6.75173,1.13,1.50
2012.01.31 13:17:51.287,6.75025,6.75173,1.13,1.50
2012.01.31 13:17:52.036,6.75024,6.75166,1.13,1.50
2012.01.31 13:17:52.103,6.75024,6.75166,1.13,1.50
2012.01.31 13:17:52.957,6.75029,6.75166,1.13,1.50
2012.01.31 13:17:53.404,6.75048,6.75166,1.13,1.13
2012.01.31 13:17:54.158,6.75052,6.75226,1.13,1.20
2012.01.31 13:17:54.596,6.75055,6.75163,1.13,1.13
2012.01.31 13:17:55.986,6.75057,6.75171,1.13,1.13
2012.01.31 13:17:56.926,6.75048,6.75171,1.50,1.13
2012.01.31 13:17:57.058,6.75037,6.75156,1.50,1.13
2012.01.31 13:17:57.868,6.75058,6.75183,1.50,1.13
2012.01.31 13:17:57.944,6.75067,6.75183,1.50,1.13
2012.01.31 13:17:58.903,6.75075,6.75183,1.13,1.13
2012.01.31 13:17:59.347,6.75075,6.75183,1.13,1.13
2012.01.31 13:18:00.009,6.75069,6.75179,1.13,1.13
2012.01.31 13:18:00.085,6.75052,6.75179,1.50,1.13
2012.01.31 13:18:00.227,6.75052,6.7518,1.50,1.13
2012.01.31 13:18:00.571,6.75071,6.7518,1.13,1.13
2012.01.31 13:18:00.655,6.75071,6.7518,1.13,1.13
2012.01.31 13:18:00.787,6.75036,6.7518,1.50,1.13
2012.01.31 13:18:02.198,6.75054,6.75186,1.50,1.13
2012.01.31 13:18:02.571,6.75078,6.75186,1.13,1.13
2012.01.31 13:18:02.707,6.75054,6.75186,1.50,1.13
2012.01.31 13:18:02.780,6.75054,6.75225,1.50,1.13
2012.01.31 13:18:03.294,6.75088,6.75225,1.50,1.13
2012.01.31 13:18:05.231,6.75088,6.75223,1.50,1.13
2012.01.31 13:18:05.840,6.75088,6.75223,1.50,1.13
2012.01.31 13:18:08.252,6.75088,6.75214,1.50,1.13
2012.01.31 13:18:08.483,6.75103,6.75214,1.13,1.13
2012.01.31 13:18:08.877,6.75136,6.75227,1.13,1.20
2012.01.31 13:18:09.010,6.75136,6.75227,1.13,1.20
2012.01.31 13:18:09.091,6.75136,6.75227,1.13,1.20
2012.01.31 13:18:09.401,6.75136,6.75227,1.13,1.47
2012.01.31 13:18:09.476,6.75136,6.75227,1.13,1.47
2012.01.31 13:18:10.043,6.75137,6.75227,1.13,1.47
2012.01.31 13:18:10.233,6.7514,6.75227,1.13,1.47
2012.01.31 13:18:10.486,6.75137,6.75227,1.13,1.47
2012.01.31 13:18:11.072,6.75137,6.75227,1.50,1.47
2012.01.31 13:18:12.614,6.75144,6.75252,1.13,1.09
2012.01.31 13:18:12.774,6.75137,6.75252,1.50,1.09
2012.01.31 13:18:13.393,6.75137,6.75257,1.50,1.09
2012.01.31 13:18:13.991,6.75148,6.75257,1.13,1.09
2012.01.31 13:18:14.245,6.75137,6.75296,1.50,1.50
2012.01.31 13:18:14.376,6.75137,6.75296,1.50,1.50
2012.01.31 13:18:15.266,6.75108,6.75227,2.25,1.47
2012.01.31 13:18:15.650,6.75102,6.75226,1.13,1.47
2012.01.31 13:18:16.070,6.75105,6.75226,1.13,1.47
2012.01.31 13:18:16.426,6.75113,6.75278,1.13,1.35
2012.01.31 13:18:16.506,6.75098,6.75252,1.50,1.50
2012.01.31 13:18:17.568,6.75107,6.75252,1.50,1.50
2012.01.31 13:18:18.637,6.75107,6.75265,1.50,1.50
2012.01.31 13:18:20.083,6.75101,6.75265,1.50,1.50
2012.01.31 13:18:24.409,6.75101,6.75265,1.50,1.50
2012.01.31 13:18:24.920,6.75072,6.75241,1.13,1.50
2012.01.31 13:18:24.994,6.75053,6.75207,1.50,1.50
2012.01.31 13:18:26.523,6.7503,6.75194,1.13,1.50
2012.01.31 13:18:26.972,6.75032,6.75182,1.13,1.50
2012.01.31 13:18:27.316,6.75054,6.75172,1.13,1.50
2012.01.31 13:18:27.390,6.75054,6.75164,1.13,1.13
2012.01.31 13:18:27.714,6.75032,6.75183,1.13,1.50
2012.01.31 13:18:27.851,6.75063,6.75173,1.13,1.13
2012.01.31 13:18:28.115,6.75063,6.75192,1.13,1.50
2012.01.31 13:18:28.424,6.75092,6.75203,1.13,1.13
2012.01.31 13:18:28.676,6.75092,6.75203,1.13,1.13
2012.01.31 13:18:28.863,6.75092,6.75203,1.13,1.13
2012.01.31 13:18:29.457,6.7512,6.75229,1.13,1.13
2012.01.31 13:18:29.805,6.7512,6.75229,1.13,1.13
2012.01.31 13:18:30.633,6.75127,6.75263,1.13,1.50
2012.01.31 13:18:30.702,6.75088,6.75263,1.13,1.50
2012.01.31 13:18:30.774,6.75088,6.75263,1.13,1.50
2012.01.31 13:18:32.744,6.75088,6.75233,1.13,1.50
2012.01.31 13:18:33.874,6.75096,6.75243,1.13,1.50
2012.01.31 13:18:34.254,6.75096,6.7525,1.13,1.50
2012.01.31 13:18:34.636,6.75066,6.75246,1.13,1.50
2012.01.31 13:18:34.835,6.75066,6.75243,1.13,3.00
2012.01.31 13:18:36.453,6.75052,6.75222,1.13,1.50
2012.01.31 13:18:37.423,6.75052,6.75192,1.13,1.50
2012.01.31 13:18:37.494,6.75048,6.75192,1.13,1.50
2012.01.31 13:18:39.745,6.75049,6.75193,1.13,1.50
2012.01.31 13:18:39.811,6.75049,6.75193,1.13,1.50
2012.01.31 13:18:40.597,6.74999,6.75146,1.45,1.35
2012.01.31 13:18:40.662,6.74954,6.75146,1.13,1.35
2012.01.31 13:18:41.004,6.74993,6.75161,1.13,1.50
2012.01.31 13:18:41.151,6.74993,6.75161,1.13,1.50
2012.01.31 13:18:41.473,6.74993,6.75192,1.13,1.13
2012.01.31 13:18:41.807,6.75015,6.75198,1.13,1.35
2012.01.31 13:18:42.510,6.75015,6.75192,1.13,1.50
2012.01.31 13:18:42.933,6.7503,6.75156,1.13,1.50
2012.01.31 13:18:44.058,6.75026,6.75156,1.13,1.50
2012.01.31 13:18:44.186,6.75058,6.75178,1.35,1.50
2012.01.31 13:18:44.256,6.75058,6.75178,1.35,1.50
2012.01.31 13:18:44.446,6.75064,6.75257,3.00,1.25
2012.01.31 13:18:44.513,6.75064,6.75263,3.00,1.50
2012.01.31 13:18:44.583,6.75064,6.75268,3.00,1.88
2012.01.31 13:18:44.778,6.75064,6.75263,3.00,1.50
2012.01.31 13:18:45.207,6.75064,6.75253,1.50,1.50
2012.01.31 13:18:45.455,6.75064,6.75252,1.50,1.13
2012.01.31 13:18:45.643,6.75064,6.7525,1.50,1.13
2012.01.31 13:18:45.984,6.75058,6.7525,1.35,1.13
2012.01.31 13:18:46.215,6.75058,6.7525,1.35,1.13
2012.01.31 13:18:46.287,6.75063,6.75262,1.50,1.50
2012.01.31 13:18:46.499,6.75063,6.75262,1.50,1.50
2012.01.31 13:18:46.694,6.75063,6.75264,1.50,1.13
2012.01.31 13:18:46.763,6.75063,6.75264,1.50,1.13
2012.01.31 13:18:47.561,6.75063,6.75264,1.50,1.13
2012.01.31 13:18:47.735,6.75063,6.75253,1.50,1.13
2012.01.31 13:18:49.197,6.75058,6.75253,1.35,1.50
2012.01.31 13:18:49.779,6.75058,6.75253,1.35,1.50
2012.01.31 13:18:49.927,6.75121,6.75263,1.13,1.50
2012.01.31 13:18:50.122,6.75154,6.75267,1.13,1.13
2012.01.31 13:18:50.256,6.75154,6.75267,1.13,1.13
2012.01.31 13:18:50.583,6.75154,6.75297,1.13,1.50
2012.01.31 13:18:51.796,6.75161,6.75297,1.13,1.50
2012.01.31 13:18:53.200,6.75166,6.75313,1.13,1.50
2012.01.31 13:18:54.319,6.75166,6.75317,1.13,1.50
2012.01.31 13:18:54.383,6.75171,6.75317,1.13,1.50
2012.01.31 13:18:54.454,6.75148,6.7528,1.50,1.13
2012.01.31 13:18:55.075,6.75137,6.7528,1.50,1.13
2012.01.31 13:18:55.365,6.75137,6.7526,1.50,1.13
2012.01.31 13:18:55.806,6.75107,6.7526,1.50,1.13
2012.01.31 13:18:56.392,6.75098,6.75234,1.50,1.13
2012.01.31 13:18:56.560,6.75097,6.75234,1.50,1.13
2012.01.31 13:18:56.956,6.75107,6.75234,1.50,1.13
2012.01.31 13:18:57.189,6.75107,6.75253,1.50,1.13
2012.01.31 13:18:59.173,6.75107,6.75253,1.50,1.13
2012.01.31 13:19:00.263,6.75107,6.75251,1.50,1.13
2012.01.31 13:19:00.657,6.75118,6.75274,1.50,1.13
2012.01.31 13:19:00.929,6.75165,6.75274,1.13,1.13
2012.01.31 13:19:01.484,6.75158,6.75274,1.50,1.13
2012.01.31 13:19:01.734,6.75158,6.75274,1.50,1.13
2012.01.31 13:19:01.926,6.75158,6.75283,1.50,1.13
2012.01.31 13:19:02.388,6.75173,6.75299,1.13,1.50
2012.01.31 13:19:02.457,6.75187,6.75337,1.50,1.25
2012.01.31 13:19:02.871,6.75217,6.75336,1.50,1.25
2012.01.31 13:19:03.144,6.75208,6.75336,1.50,1.25
2012.01.31 13:19:03.508,6.75208,6.75328,1.50,1.13
2012.01.31 13:19:03.638,6.75198,6.75328,1.50,1.13
2012.01.31 13:19:03.955,6.75188,6.75328,1.50,1.13
2012.01.31 13:19:04.366,6.75188,6.75303,1.50,1.13
2012.01.31 13:19:04.441,6.75177,6.75303,1.50,1.13
2012.01.31 13:19:05.148,6.75168,6.75303,1.50,1.13
2012.01.31 13:19:05.737,6.75168,6.75303,1.50,1.13
2012.01.31 13:19:05.808,6.75177,6.75303,1.50,1.13
2012.01.31 13:19:05.943,6.75177,6.75324,1.50,1.13
2012.01.31 13:19:06.307,6.75197,6.75324,1.50,1.13
2012.01.31 13:19:06.654,6.75197,6.75324,1.50,1.13
2012.01.31 13:19:07.276,6.75198,6.7531,1.13,1.13
2012.01.31 13:19:07.407,6.75198,6.7531,1.13,1.13
2012.01.31 13:19:07.534,6.75201,6.7531,1.13,1.13
2012.01.31 13:19:07.663,6.75201,6.7531,1.13,1.13
2012.01.31 13:19:08.173,6.75201,6.7531,1.13,1.13
2012.01.31 13:19:09.133,6.75201,6.7531,1.13,1.13
2012.01.31 13:19:09.638,6.75218,6.75357,1.50,1.13
2012.01.31 13:19:10.132,6.75248,6.75357,1.13,1.13
2012.01.31 13:19:10.556,6.75227,6.75357,1.50,1.13
2012.01.31 13:19:10.717,6.75227,6.75341,1.50,1.13
2012.01.31 13:19:11.751,6.75217,6.75346,1.50,1.13
2012.01.31 13:19:12.277,6.75238,6.75346,1.13,1.13
