2010.11.08 20:00:00.857,6.69882,6.7014,6.60,2.30
2010.11.08 20:00:01.864,6.69882,6.70142,3.20,1.50
2010.11.08 20:00:03.970,6.69928,6.70143,1.10,1.50
2010.11.08 20:00:08.179,6.69928,6.70143,1.10,1.50
2010.11.08 20:00:08.951,6.69928,6.70143,1.10,1.50
2010.11.08 20:00:09.060,6.69918,6.70143,1.10,2.30
2010.11.08 20:00:09.720,6.69918,6.70136,1.10,1.50
2010.11.08 20:00:10.581,6.69907,6.70124,1.10,1.50
2010.11.08 20:00:12.175,6.69917,6.70123,1.10,1.50
2010.11.08 20:00:12.294,6.69917,6.70147,1.10,1.50
2010.11.08 20:00:13.481,6.69926,6.70147,1.10,1.50
2010.11.08 20:00:15.390,6.69928,6.70147,1.10,1.50
2010.11.08 20:00:15.791,6.69908,6.70147,1.20,2.30
2010.11.08 20:00:16.301,6.69877,6.70088,1.10,1.50
2010.11.08 20:00:16.523,6.69877,6.70098,1.10,1.50
2010.11.08 20:00:18.575,6.69877,6.70098,1.10,1.50
2010.11.08 20:00:19.840,6.69877,6.70089,1.10,1.50
2010.11.08 20:00:20.818,6.69893,6.70095,2.80,1.50
2010.11.08 20:00:20.934,6.69913,6.70095,1.40,1.50
2010.11.08 20:00:21.042,6.69868,6.70095,1.10,2.30
2010.11.08 20:00:21.513,6.69868,6.7008,1.10,1.50
2010.11.08 20:00:21.628,6.69853,6.70069,1.30,1.50
2010.11.08 20:00:21.852,6.69843,6.70059,1.10,1.50
2010.11.08 20:00:22.806,6.69843,6.70059,1.30,1.50
2010.11.08 20:00:23.162,6.69858,6.70059,1.10,1.50
2010.11.08 20:00:23.997,6.69842,6.70064,1.30,1.50
2010.11.08 20:00:24.221,6.69849,6.70064,2.40,1.50
2010.11.08 20:00:24.552,6.69849,6.70061,2.40,1.50
2010.11.08 20:00:26.361,6.69868,6.70073,1.10,1.50
2010.11.08 20:00:26.472,6.69848,6.70052,1.20,1.50
2010.11.08 20:00:26.583,6.69848,6.70061,1.20,1.50
2010.11.08 20:00:27.122,6.69848,6.70068,1.10,1.50
2010.11.08 20:00:28.514,6.69848,6.70075,1.10,1.50
2010.11.08 20:00:30.663,6.69848,6.70075,1.10,1.50
2010.11.08 20:00:30.991,6.69848,6.70075,1.20,2.30
2010.11.08 20:00:31.991,6.69842,6.70058,1.10,1.50
2010.11.08 20:00:33.726,6.69844,6.70058,2.80,1.50
2010.11.08 20:00:36.058,6.69844,6.70058,2.80,1.50
2010.11.08 20:00:38.066,6.69844,6.70058,2.80,1.50
2010.11.08 20:00:40.154,6.69844,6.70058,2.80,1.50
2010.11.08 20:00:42.272,6.69844,6.70058,2.80,1.50
2010.11.08 20:00:44.661,6.69844,6.70058,2.80,1.50
2010.11.08 20:00:47.607,6.69844,6.70058,2.80,1.50
2010.11.08 20:00:50.019,6.69844,6.70058,2.80,1.50
2010.11.08 20:00:52.144,6.69844,6.70058,2.80,1.50
2010.11.08 20:00:54.213,6.69844,6.70058,2.80,1.50
2010.11.08 20:00:54.675,6.69857,6.70058,1.10,1.50
2010.11.08 20:00:54.780,6.69857,6.70068,1.10,1.50
2010.11.08 20:00:56.375,6.69849,6.70068,2.70,1.50
2010.11.08 20:00:56.935,6.69837,6.7006,1.10,1.50
2010.11.08 20:00:57.054,6.69857,6.70073,1.10,1.50
2010.11.08 20:00:58.434,6.69849,6.70073,2.70,1.50
2010.11.08 20:01:00.624,6.69849,6.70073,2.70,1.50
2010.11.08 20:01:03.406,6.69849,6.70073,2.70,1.50
2010.11.08 20:01:04.881,6.69868,6.70073,1.20,1.50
2010.11.08 20:01:05.471,6.69868,6.70084,2.90,1.50
2010.11.08 20:01:05.592,6.69868,6.70095,2.90,1.50
2010.11.08 20:01:06.070,6.69878,6.70095,2.50,1.50
2010.11.08 20:01:08.367,6.69883,6.70095,1.10,1.50
2010.11.08 20:01:08.691,6.69868,6.70095,1.10,2.30
2010.11.08 20:01:10.011,6.69849,6.70084,2.70,1.50
2010.11.08 20:01:11.693,6.69848,6.70064,1.20,1.50
2010.11.08 20:01:11.801,6.69848,6.70072,1.20,2.30
2010.11.08 20:01:12.354,6.69838,6.70072,1.10,2.30
2010.11.08 20:01:13.193,6.69852,6.70072,1.30,2.30
2010.11.08 20:01:15.240,6.69852,6.70072,1.30,2.30
2010.11.08 20:01:17.315,6.69852,6.70072,1.30,2.30
2010.11.08 20:01:20.056,6.69852,6.70072,1.30,2.30
2010.11.08 20:01:22.457,6.69852,6.70065,1.30,1.50
2010.11.08 20:01:22.793,6.69868,6.70065,1.10,1.50
2010.11.08 20:01:23.014,6.69868,6.70113,1.10,1.50
2010.11.08 20:01:25.192,6.69887,6.70112,1.10,1.50
2010.11.08 20:01:26.029,6.69631,6.69959,2.50,2.30
2010.11.08 20:01:26.471,6.69643,6.69958,2.20,2.30
2010.11.08 20:01:28.552,6.69686,6.69918,2.20,2.30
2010.11.08 20:01:30.600,6.69686,6.69918,2.30,2.30
2010.11.08 20:01:32.641,6.69686,6.69918,2.20,2.30
2010.11.08 20:01:34.741,6.69686,6.69918,2.20,2.30
2010.11.08 20:01:35.970,6.69677,6.69905,1.20,1.50
2010.11.08 20:01:38.027,6.69686,6.69905,2.20,1.50
2010.11.08 20:01:40.122,6.69686,6.69905,2.20,1.50
2010.11.08 20:01:42.202,6.69686,6.69905,2.20,1.50
2010.11.08 20:01:43.434,6.69686,6.69918,2.20,2.30
2010.11.08 20:01:45.819,6.69686,6.69918,2.20,2.30
2010.11.08 20:01:48.047,6.69686,6.69918,2.20,2.30
2010.11.08 20:01:50.238,6.69686,6.69918,2.20,2.30
2010.11.08 20:01:50.794,6.69686,6.69909,2.20,2.30
2010.11.08 20:01:52.951,6.69686,6.69909,2.20,2.30
2010.11.08 20:01:55.342,6.69686,6.69909,2.20,2.30
2010.11.08 20:01:57.433,6.69686,6.69909,2.20,2.30
2010.11.08 20:01:59.540,6.69686,6.69909,2.20,2.30
2010.11.08 20:02:01.614,6.69686,6.69909,2.20,2.30
2010.11.08 20:02:04.583,6.69686,6.69909,2.20,2.30
2010.11.08 20:02:06.933,6.69686,6.69909,2.20,2.30
2010.11.08 20:02:09.354,6.69686,6.69909,2.20,2.30
2010.11.08 20:02:11.463,6.69686,6.69909,2.20,2.30
2010.11.08 20:02:13.550,6.69686,6.69909,2.20,2.30
2010.11.08 20:02:16.066,6.69686,6.69909,2.20,2.30
2010.11.08 20:02:18.167,6.69686,6.69909,2.20,2.30
2010.11.08 20:02:20.021,6.69662,6.69909,2.90,2.50
2010.11.08 20:02:20.133,6.69662,6.69891,2.90,2.30
2010.11.08 20:02:20.352,6.69627,6.69862,1.20,2.30
2010.11.08 20:02:20.461,6.69627,6.6987,1.20,2.30
2010.11.08 20:02:21.140,6.69627,6.6987,1.20,2.30
2010.11.08 20:02:23.398,6.69627,6.6987,1.20,2.30
2010.11.08 20:02:23.512,6.69623,6.69857,2.90,1.50
2010.11.08 20:02:25.545,6.69623,6.69857,2.90,1.50
2010.11.08 20:02:27.758,6.69623,6.69857,2.90,1.50
2010.11.08 20:02:30.214,6.69623,6.69857,2.90,1.50
2010.11.08 20:02:32.617,6.69623,6.69857,2.90,1.50
2010.11.08 20:02:32.732,6.69606,6.69857,2.90,1.70
2010.11.08 20:02:32.842,6.69623,6.69857,2.90,3.80
2010.11.08 20:02:33.064,6.69582,6.69809,2.40,1.50
2010.11.08 20:02:33.905,6.69594,6.69833,2.90,1.50
2010.11.08 20:02:34.123,6.69587,6.69833,3.10,1.50
2010.11.08 20:02:36.203,6.69592,6.69833,2.90,1.50
2010.11.08 20:02:38.354,6.69587,6.69833,1.20,1.50
2010.11.08 20:02:40.387,6.69594,6.69833,2.20,1.50
2010.11.08 20:02:42.422,6.69588,6.69833,1.40,1.50
2010.11.08 20:02:44.959,6.69588,6.69836,1.40,3.80
2010.11.08 20:02:47.040,6.69588,6.69836,1.40,2.30
2010.11.08 20:02:50.284,6.69588,6.69835,1.40,1.50
2010.11.08 20:02:52.313,6.69588,6.69835,1.40,1.50
2010.11.08 20:02:54.412,6.69588,6.69835,1.40,1.50
2010.11.08 20:02:57.159,6.69588,6.69835,1.40,1.50
2010.11.08 20:02:59.893,6.69588,6.69835,1.40,1.50
2010.11.08 20:03:00.943,6.69588,6.69827,1.40,1.50
2010.11.08 20:03:01.784,6.69597,6.69827,1.40,1.50
2010.11.08 20:03:01.891,6.69597,6.69836,1.40,2.30
2010.11.08 20:03:02.007,6.69588,6.69833,1.40,1.50
2010.11.08 20:03:04.091,6.69588,6.69833,1.40,1.50
2010.11.08 20:03:05.401,6.69578,6.69825,1.20,1.50
2010.11.08 20:03:05.622,6.69575,6.69823,2.20,2.30
2010.11.08 20:03:07.531,6.69575,6.69823,2.90,2.30
2010.11.08 20:03:09.588,6.69575,6.69823,2.90,2.30
2010.11.08 20:03:12.118,6.69575,6.69823,2.90,2.30
2010.11.08 20:03:15.028,6.69575,6.69823,2.90,2.30
2010.11.08 20:03:17.170,6.69575,6.69823,2.90,2.30
2010.11.08 20:03:19.274,6.69575,6.69823,2.90,2.30
2010.11.08 20:03:22.015,6.69575,6.69823,2.90,2.30
2010.11.08 20:03:23.121,6.69575,6.69815,2.90,1.50
2010.11.08 20:03:23.560,6.69575,6.69809,2.90,1.50
2010.11.08 20:03:25.567,6.69575,6.69809,2.90,1.50
2010.11.08 20:03:27.632,6.69575,6.69809,2.90,1.50
2010.11.08 20:03:30.459,6.69575,6.69809,2.90,1.50
2010.11.08 20:03:32.585,6.69575,6.69809,2.90,1.50
2010.11.08 20:03:34.898,6.69575,6.69809,2.90,1.50
2010.11.08 20:03:36.252,6.69533,6.69802,2.90,1.10
2010.11.08 20:03:36.783,6.6953,6.69761,2.90,1.50
2010.11.08 20:03:38.963,6.6953,6.69761,2.90,1.50
2010.11.08 20:03:40.491,6.69537,6.69775,1.40,2.30
2010.11.08 20:03:40.908,6.69546,6.69775,2.90,2.30
2010.11.08 20:03:41.027,6.69538,6.69785,2.90,1.50
2010.11.08 20:03:41.471,6.69546,6.69785,2.90,1.50
2010.11.08 20:03:41.584,6.69562,6.69798,2.90,2.30
2010.11.08 20:03:41.692,6.69562,6.69809,2.90,1.50
2010.11.08 20:03:42.184,6.69565,6.69809,2.90,1.50
2010.11.08 20:03:44.142,6.69565,6.69809,2.90,1.50
2010.11.08 20:03:46.231,6.69565,6.69809,2.90,1.50
2010.11.08 20:03:48.799,6.69568,6.69809,1.40,1.50
2010.11.08 20:03:51.243,6.69568,6.69809,1.40,1.50
2010.11.08 20:03:53.409,6.69568,6.69822,1.40,3.80
2010.11.08 20:03:53.522,6.69568,6.6981,1.40,1.50
2010.11.08 20:03:56.037,6.69568,6.6981,1.40,1.50
2010.11.08 20:03:58.148,6.69568,6.6981,1.40,1.50
2010.11.08 20:04:00.265,6.69568,6.6981,1.40,1.50
2010.11.08 20:04:02.577,6.69568,6.6981,1.40,1.50
2010.11.08 20:04:04.933,6.69568,6.6981,1.40,1.50
2010.11.08 20:04:07.782,6.69565,6.6981,2.90,1.50
2010.11.08 20:04:09.850,6.69565,6.6981,2.90,1.50
2010.11.08 20:04:12.267,6.69565,6.6981,2.90,1.50
2010.11.08 20:04:14.362,6.69568,6.6981,1.20,1.50
2010.11.08 20:04:16.756,6.69568,6.6981,1.20,1.50
2010.11.08 20:04:18.423,6.69568,6.6981,1.20,1.50
2010.11.08 20:04:20.583,6.69568,6.6981,1.20,1.50
2010.11.08 20:04:23.062,6.69568,6.6981,1.20,1.50
2010.11.08 20:04:25.360,6.69568,6.69809,1.20,1.50
2010.11.08 20:04:27.512,6.69568,6.69809,1.20,1.50
2010.11.08 20:04:29.927,6.69568,6.69809,1.20,1.50
2010.11.08 20:04:31.993,6.69568,6.69809,1.20,1.50
2010.11.08 20:04:34.364,6.69568,6.69809,1.20,1.50
2010.11.08 20:04:36.444,6.69568,6.69809,1.20,1.50
2010.11.08 20:04:38.776,6.69568,6.69809,1.20,1.50
2010.11.08 20:04:40.955,6.69568,6.69809,1.20,1.50
2010.11.08 20:04:43.385,6.69568,6.69809,1.20,1.50
2010.11.08 20:04:46.323,6.69568,6.69811,1.20,2.30
2010.11.08 20:04:47.302,6.69568,6.6982,1.20,1.50
2010.11.08 20:04:49.612,6.69568,6.6982,1.20,1.50
2010.11.08 20:04:50.513,6.69563,6.69792,2.90,1.50
2010.11.08 20:04:50.624,6.69563,6.69809,2.90,1.50
2010.11.08 20:04:50.848,6.69546,6.69792,2.90,1.50
2010.11.08 20:04:51.357,6.69546,6.69792,2.20,1.50
2010.11.08 20:04:53.417,6.69542,6.69792,2.90,1.50
2010.11.08 20:04:55.518,6.69537,6.69792,1.40,1.50
2010.11.08 20:04:58.059,6.69537,6.69792,1.40,1.50
2010.11.08 20:05:00.732,6.69537,6.69792,1.40,1.50
2010.11.08 20:05:02.811,6.69546,6.69787,2.30,1.50
2010.11.08 20:05:03.177,6.69557,6.69803,3.10,1.50
2010.11.08 20:05:03.997,6.69567,6.6981,2.30,1.50
2010.11.08 20:05:04.520,6.69563,6.6981,1.30,2.50
2010.11.08 20:05:04.967,6.69565,6.69818,2.90,2.30
2010.11.08 20:05:05.082,6.69567,6.69808,1.20,1.50
2010.11.08 20:05:05.610,6.69543,6.69792,1.30,1.70
2010.11.08 20:05:05.724,6.69543,6.69792,1.30,1.70
2010.11.08 20:05:05.832,6.69546,6.6979,2.30,2.30
2010.11.08 20:05:06.054,6.69546,6.69792,2.70,1.50
2010.11.08 20:05:06.170,6.69546,6.69785,2.70,1.50
2010.11.08 20:05:07.443,6.69557,6.69794,1.20,2.30
2010.11.08 20:05:07.554,6.69565,6.69809,2.90,1.50
2010.11.08 20:05:07.662,6.69565,6.69785,2.90,1.50
2010.11.08 20:05:07.773,6.69547,6.69785,1.40,1.50
2010.11.08 20:05:07.881,6.69547,6.69785,1.40,1.50
2010.11.08 20:05:08.772,6.69546,6.69785,2.70,1.50
2010.11.08 20:05:11.181,6.69546,6.69785,2.70,1.50
2010.11.08 20:05:14.954,6.69546,6.69785,2.70,1.50
2010.11.08 20:05:16.495,6.69558,6.69794,1.10,2.30
2010.11.08 20:05:16.601,6.69558,6.69809,1.10,1.50
2010.11.08 20:05:19.051,6.69567,6.69809,1.20,1.50
2010.11.08 20:05:20.020,6.69567,6.69803,1.20,1.50
2010.11.08 20:05:20.240,6.69567,6.69809,1.20,1.50
2010.11.08 20:05:22.549,6.69567,6.69808,1.20,1.50
2010.11.08 20:05:24.636,6.69567,6.69809,1.20,1.50
2010.11.08 20:05:26.714,6.69567,6.69809,1.20,3.00
2010.11.08 20:05:29.481,6.69567,6.69809,1.20,3.00
2010.11.08 20:05:31.558,6.69567,6.69809,1.20,3.00
2010.11.08 20:05:33.951,6.69567,6.69809,1.20,3.00
2010.11.08 20:05:34.065,6.69546,6.69782,2.70,2.30
2010.11.08 20:05:36.122,6.69546,6.69782,2.50,2.30
2010.11.08 20:05:36.892,6.69546,6.69768,2.70,1.50
2010.11.08 20:05:39.209,6.69546,6.69773,2.70,1.50
2010.11.08 20:05:40.255,6.69565,6.69782,2.90,1.50
2010.11.08 20:05:42.072,6.69565,6.69782,2.90,1.50
2010.11.08 20:05:44.164,6.69565,6.69782,2.90,1.50
2010.11.08 20:05:46.536,6.69565,6.69782,2.90,1.50
2010.11.08 20:05:48.906,6.69565,6.69785,2.90,1.50
2010.11.08 20:05:51.254,6.69565,6.69785,2.90,1.50
2010.11.08 20:05:55.903,6.69565,6.69785,2.90,1.50
2010.11.08 20:05:58.093,6.69565,6.69785,2.90,1.50
2010.11.08 20:06:00.516,6.69565,6.69785,2.90,1.50
2010.11.08 20:06:02.648,6.69565,6.69785,2.90,1.50
2010.11.08 20:06:05.045,6.69565,6.69785,2.90,1.50
2010.11.08 20:06:07.547,6.69565,6.69785,2.90,1.50
2010.11.08 20:06:09.951,6.69565,6.69786,2.90,1.50
2010.11.08 20:06:12.029,6.69565,6.69786,2.90,1.50
2010.11.08 20:06:14.586,6.69565,6.69786,2.90,1.50
2010.11.08 20:06:16.701,6.69565,6.69786,2.90,1.50
2010.11.08 20:06:17.930,6.69565,6.69773,2.90,1.50
2010.11.08 20:06:18.260,6.69565,6.69784,2.90,1.50
2010.11.08 20:06:20.347,6.69565,6.69784,2.90,1.50
2010.11.08 20:06:22.423,6.69565,6.69784,2.90,1.50
2010.11.08 20:06:24.460,6.69565,6.69784,2.90,1.50
2010.11.08 20:06:26.540,6.69565,6.69784,2.90,1.50
2010.11.08 20:06:28.685,6.69565,6.69783,2.90,1.50
2010.11.08 20:06:30.838,6.69565,6.69783,2.90,1.50
2010.11.08 20:06:35.056,6.69565,6.69783,2.90,1.50
2010.11.08 20:06:38.619,6.69565,6.69783,2.90,1.50
2010.11.08 20:06:41.355,6.69565,6.69783,2.90,1.50
2010.11.08 20:06:44.374,6.69565,6.69783,2.90,1.50
2010.11.08 20:06:46.626,6.69565,6.69775,2.90,1.50
2010.11.08 20:06:48.639,6.69565,6.69775,2.90,1.50
2010.11.08 20:06:50.716,6.69565,6.69775,2.90,1.50
2010.11.08 20:06:52.727,6.69565,6.69775,2.90,1.50
2010.11.08 20:06:54.742,6.69565,6.69775,2.90,1.50
2010.11.08 20:06:56.834,6.69567,6.69775,1.20,1.50
2010.11.08 20:06:58.904,6.69567,6.69775,1.20,1.50
2010.11.08 20:07:01.225,6.69567,6.69775,1.20,1.50
2010.11.08 20:07:02.674,6.69565,6.69775,1.10,1.50
2010.11.08 20:07:02.783,6.69562,6.69787,2.90,1.50
2010.11.08 20:07:02.892,6.69562,6.69777,2.90,1.50
2010.11.08 20:07:04.923,6.69557,6.69777,1.10,1.50
2010.11.08 20:07:06.971,6.69557,6.69777,1.10,1.50
2010.11.08 20:07:09.791,6.69548,6.69777,1.10,1.50
2010.11.08 20:07:11.852,6.69548,6.69777,1.10,1.50
2010.11.08 20:07:14.378,6.69548,6.69777,1.10,1.50
2010.11.08 20:07:16.463,6.69548,6.69777,1.10,1.50
2010.11.08 20:07:17.536,6.69538,6.69775,2.50,1.50
2010.11.08 20:07:18.311,6.69528,6.69777,1.10,1.50
2010.11.08 20:07:18.426,6.69519,6.69768,2.40,1.50
2010.11.08 20:07:20.529,6.69519,6.69768,2.40,1.50
2010.11.08 20:07:21.686,6.69522,6.69768,1.30,1.50
2010.11.08 20:07:23.762,6.69522,6.69768,1.30,1.50
2010.11.08 20:07:23.982,6.69533,6.69768,1.30,1.50
2010.11.08 20:07:26.453,6.69533,6.69768,1.30,1.50
2010.11.08 20:07:28.535,6.69553,6.69777,1.10,1.50
2010.11.08 20:07:29.723,6.69557,6.69777,1.10,1.50
2010.11.08 20:07:31.748,6.69557,6.69777,1.10,1.50
2010.11.08 20:07:33.849,6.69557,6.69777,1.10,1.50
2010.11.08 20:07:34.076,6.69597,6.69801,1.10,1.50
2010.11.08 20:07:34.193,6.69597,6.69813,1.10,4.50
2010.11.08 20:07:34.799,6.69587,6.69823,1.10,1.50
2010.11.08 20:07:34.919,6.69567,6.69816,2.90,2.30
2010.11.08 20:07:37.275,6.69567,6.69806,1.10,2.30
2010.11.08 20:07:37.821,6.69578,6.69806,1.20,2.30
2010.11.08 20:07:37.937,6.69586,6.69826,2.50,1.50
2010.11.08 20:07:38.982,6.69596,6.69826,1.10,1.50
2010.11.08 20:07:41.249,6.69597,6.69826,1.10,1.50
2010.11.08 20:07:43.283,6.69597,6.69826,1.10,1.50
2010.11.08 20:07:45.332,6.69597,6.69826,1.10,1.50
2010.11.08 20:07:47.411,6.69597,6.69826,1.10,1.50
2010.11.08 20:07:49.482,6.69597,6.69826,1.10,1.50
2010.11.08 20:07:51.532,6.69597,6.69826,1.10,1.50
2010.11.08 20:07:53.169,6.69657,6.69844,1.10,2.30
2010.11.08 20:07:53.284,6.69637,6.69863,1.10,4.50
2010.11.08 20:07:53.395,6.69622,6.69851,1.10,1.50
2010.11.08 20:07:53.503,6.69634,6.69826,1.10,1.50
2010.11.08 20:07:53.614,6.69634,6.69863,1.10,4.50
2010.11.08 20:07:54.209,6.69613,6.69826,1.40,1.50
2010.11.08 20:07:54.435,6.69597,6.69826,1.10,1.50
2010.11.08 20:07:54.542,6.69616,6.69826,1.20,1.50
2010.11.08 20:07:54.873,6.69648,6.69863,1.10,4.50
2010.11.08 20:07:55.507,6.6963,6.69874,2.80,1.50
2010.11.08 20:07:56.873,6.69627,6.69874,1.10,1.50
2010.11.08 20:07:58.628,6.69627,6.69838,1.20,1.50
2010.11.08 20:07:58.743,6.69627,6.69874,1.20,1.50
2010.11.08 20:07:59.074,6.69634,6.69838,2.50,1.50
2010.11.08 20:07:59.183,6.69634,6.69874,2.50,1.50
2010.11.08 20:07:59.296,6.69627,6.69874,1.20,1.50
2010.11.08 20:08:00.252,6.69707,6.69869,1.50,2.30
2010.11.08 20:08:00.583,6.69739,6.6992,2.30,2.30
2010.11.08 20:08:01.002,6.69707,6.699,1.50,2.30
2010.11.08 20:08:01.115,6.69668,6.699,1.20,2.30
2010.11.08 20:08:02.714,6.69672,6.69918,1.30,2.30
2010.11.08 20:08:04.752,6.69672,6.69918,1.30,2.30
2010.11.08 20:08:05.232,6.6968,6.69918,2.30,2.30
2010.11.08 20:08:06.385,6.6968,6.69938,2.70,2.30
2010.11.08 20:08:06.492,6.69698,6.69943,1.10,2.30
2010.11.08 20:08:06.715,6.69718,6.69966,1.10,2.30
2010.11.08 20:08:07.228,6.69703,6.69957,1.10,2.30
2010.11.08 20:08:07.784,6.69685,6.69958,2.80,2.30
2010.11.08 20:08:07.893,6.69685,6.69945,2.80,1.50
2010.11.08 20:08:08.004,6.69683,6.69945,1.30,1.50
2010.11.08 20:08:08.519,6.69658,6.69953,1.20,2.30
2010.11.08 20:08:08.636,6.69699,6.69953,2.40,2.30
2010.11.08 20:08:08.972,6.69698,6.69942,1.20,2.30
2010.11.08 20:08:10.943,6.69704,6.69942,2.50,2.30
2010.11.08 20:08:11.584,6.69685,6.69962,2.80,2.30
2010.11.08 20:08:13.656,6.69698,6.69942,1.20,2.30
2010.11.08 20:08:15.752,6.69698,6.69943,1.20,2.30
2010.11.08 20:08:16.337,6.69705,6.69943,1.20,2.30
2010.11.08 20:08:16.563,6.69728,6.69966,2.50,2.30
2010.11.08 20:08:17.306,6.69734,6.69976,1.10,2.30
2010.11.08 20:08:19.329,6.69697,6.69961,1.10,2.30
2010.11.08 20:08:19.552,6.69697,6.69948,1.10,2.30
2010.11.08 20:08:21.681,6.69697,6.69948,1.10,2.30
2010.11.08 20:08:23.688,6.69697,6.69953,1.10,2.30
2010.11.08 20:08:23.911,6.69697,6.69953,1.10,2.30
2010.11.08 20:08:24.193,6.69697,6.69947,1.10,2.30
2010.11.08 20:08:24.705,6.69697,6.69958,1.10,2.30
2010.11.08 20:08:26.357,6.6969,6.69945,1.40,1.50
2010.11.08 20:08:26.695,6.69683,6.69942,1.10,2.30
2010.11.08 20:08:27.185,6.69692,6.69942,1.30,2.30
2010.11.08 20:08:28.296,6.69718,6.69942,1.10,2.30
2010.11.08 20:08:28.513,6.69718,6.69966,1.10,3.00
2010.11.08 20:08:28.623,6.69718,6.69977,1.10,2.30
2010.11.08 20:08:29.605,6.69727,6.69971,1.10,2.30
2010.11.08 20:08:31.696,6.69717,6.69953,1.10,2.30
2010.11.08 20:08:32.665,6.69717,6.69972,1.10,2.30
2010.11.08 20:08:32.893,6.69717,6.69957,1.10,2.30
2010.11.08 20:08:36.185,6.69717,6.69953,1.10,2.30
2010.11.08 20:08:37.112,6.69702,6.69953,1.30,2.30
2010.11.08 20:08:37.443,6.69702,6.69945,1.30,1.50
2010.11.08 20:08:38.157,6.6971,6.69945,2.40,1.50
2010.11.08 20:08:38.275,6.6971,6.69953,2.40,2.30
2010.11.08 20:08:38.845,6.69702,6.69953,1.30,2.30
2010.11.08 20:08:38.961,6.69715,6.69953,1.10,2.30
2010.11.08 20:08:39.185,6.69737,6.69961,1.10,2.30
2010.11.08 20:08:39.294,6.69737,6.69981,1.10,2.30
2010.11.08 20:08:39.811,6.69728,6.69991,1.10,2.30
2010.11.08 20:08:39.926,6.69748,6.7,1.10,2.30
2010.11.08 20:08:41.053,6.69743,6.7,1.30,2.30
2010.11.08 20:08:43.083,6.69743,6.7,1.30,2.30
2010.11.08 20:08:43.588,6.69728,6.69991,1.10,2.30
2010.11.08 20:08:44.143,6.69728,6.69981,1.10,2.30
2010.11.08 20:08:45.983,6.69687,6.69844,2.90,1.50
2010.11.08 20:08:46.093,6.69677,6.69837,1.60,2.30
2010.11.08 20:08:46.202,6.69537,6.69837,2.70,2.30
2010.11.08 20:08:46.424,6.69548,6.69837,1.20,2.30
2010.11.08 20:08:47.345,6.69607,6.69907,4.70,2.30
2010.11.08 20:08:49.718,6.69607,6.69889,2.70,1.50
2010.11.08 20:08:51.820,6.69607,6.69889,3.10,1.50
2010.11.08 20:08:52.477,6.69623,6.69889,1.40,1.50
2010.11.08 20:08:54.332,6.69657,6.69889,1.20,1.50
2010.11.08 20:08:55.098,6.69662,6.69937,1.30,1.50
2010.11.08 20:08:56.214,6.69644,6.69937,2.70,1.50
2010.11.08 20:08:56.646,6.69644,6.69937,2.70,1.50
2010.11.08 20:08:58.738,6.69637,6.69915,1.20,2.30
2010.11.08 20:08:59.074,6.69657,6.69939,1.30,1.50
2010.11.08 20:08:59.662,6.69666,6.69939,1.30,1.50
2010.11.08 20:09:01.618,6.69666,6.69939,1.30,1.50
2010.11.08 20:09:03.665,6.69667,6.69939,1.30,1.50
2010.11.08 20:09:06.337,6.69667,6.69939,1.30,1.50
2010.11.08 20:09:06.619,6.69627,6.69933,6.60,2.30
2010.11.08 20:09:06.734,6.69597,6.69893,1.60,2.30
2010.11.08 20:09:08.957,6.69587,6.69893,3.10,2.30
2010.11.08 20:09:10.694,6.69562,6.69866,3.10,2.30
2010.11.08 20:09:10.913,6.69566,6.69872,3.10,2.30
2010.11.08 20:09:12.854,6.69566,6.69872,3.10,2.30
2010.11.08 20:09:12.964,6.69537,6.69843,3.10,2.30
2010.11.08 20:09:14.502,6.69546,6.69852,3.10,2.30
2010.11.08 20:09:15.885,6.69537,6.69843,3.10,2.30
2010.11.08 20:09:17.834,6.69552,6.69856,3.10,2.30
2010.11.08 20:09:18.301,6.69537,6.69843,3.10,2.30
2010.11.08 20:09:20.776,6.69537,6.69843,3.10,2.30
2010.11.08 20:09:21.114,6.69543,6.69847,3.10,2.30
2010.11.08 20:09:21.332,6.69537,6.69843,3.10,2.30
2010.11.08 20:09:21.836,6.69518,6.69824,3.10,2.30
2010.11.08 20:09:24.567,6.69513,6.69819,3.10,2.30
2010.11.08 20:09:26.707,6.69513,6.69819,3.10,2.30
2010.11.08 20:09:28.885,6.69518,6.69824,3.10,2.30
2010.11.08 20:09:30.954,6.69518,6.69824,3.10,2.30
2010.11.08 20:09:31.858,6.69538,6.69842,3.10,2.30
2010.11.08 20:09:32.522,6.69547,6.69851,3.10,2.30
2010.11.08 20:09:34.685,6.69543,6.69847,3.10,2.30
2010.11.08 20:09:36.695,6.69567,6.69871,3.10,2.30
2010.11.08 20:09:42.216,6.69567,6.69871,3.10,2.30
2010.11.08 20:09:45.286,6.69567,6.69871,3.10,2.30
2010.11.08 20:09:47.660,6.69567,6.69871,3.10,2.30
2010.11.08 20:09:50.643,6.69567,6.69871,3.10,2.30
2010.11.08 20:09:52.854,6.69567,6.69871,3.10,2.30
2010.11.08 20:09:55.898,6.69567,6.69871,3.10,2.30
2010.11.08 20:09:58.793,6.69567,6.69871,3.10,2.30
2010.11.08 20:10:01.453,6.69567,6.69871,3.10,2.30
2010.11.08 20:10:03.523,6.69567,6.69871,3.10,2.30
2010.11.08 20:10:04.929,6.69647,6.69993,3.10,4.50
2010.11.08 20:10:05.044,6.69657,6.70001,3.10,2.30
2010.11.08 20:10:05.878,6.69661,6.70007,3.10,2.30
2010.11.08 20:10:07.926,6.69681,6.69987,3.10,2.30
2010.11.08 20:10:08.712,6.69672,6.69978,3.30,2.30
2010.11.08 20:10:09.395,6.69672,6.69978,3.30,2.30
2010.11.08 20:10:10.255,6.69644,6.69948,3.10,2.30
2010.11.08 20:10:12.635,6.69644,6.69948,3.10,2.30
2010.11.08 20:10:15.324,6.69644,6.69948,3.10,2.30
2010.11.08 20:10:17.362,6.69644,6.69948,3.10,2.30
2010.11.08 20:10:19.515,6.69644,6.69948,3.10,2.30
2010.11.08 20:10:21.712,6.69644,6.69948,3.10,2.30
2010.11.08 20:10:24.459,6.69644,6.69948,3.10,2.30
2010.11.08 20:10:26.583,6.69644,6.69948,3.10,2.30
2010.11.08 20:10:28.576,6.69644,6.69948,3.10,2.30
2010.11.08 20:10:31.165,6.69644,6.69948,3.10,2.30
2010.11.08 20:10:33.899,6.69644,6.69948,3.10,2.30
2010.11.08 20:10:36.358,6.69644,6.69948,3.10,2.30
2010.11.08 20:10:36.695,6.69644,6.69948,3.10,2.30
2010.11.08 20:10:36.804,6.69668,6.69972,3.10,2.30
2010.11.08 20:10:37.677,6.69673,6.69977,3.10,2.30
2010.11.08 20:10:40.338,6.69673,6.69977,3.10,2.30
2010.11.08 20:10:42.692,6.69667,6.69973,3.10,2.30
2010.11.08 20:10:44.563,6.69662,6.69968,3.10,2.30
2010.11.08 20:10:46.204,6.69673,6.69977,3.10,2.30
2010.11.08 20:10:46.314,6.69681,6.69987,3.10,2.30
2010.11.08 20:10:48.749,6.69681,6.69987,3.10,2.30
2010.11.08 20:10:50.292,6.69681,6.69987,3.10,2.30
2010.11.08 20:10:51.156,6.69657,6.69963,3.10,2.30
2010.11.08 20:10:53.042,6.69672,6.69978,3.10,2.30
2010.11.08 20:10:53.374,6.69672,6.69978,3.30,2.30
2010.11.08 20:10:54.001,6.697,6.70006,3.10,2.30
2010.11.08 20:10:56.054,6.69687,6.69991,3.10,2.30
2010.11.08 20:10:57.254,6.69687,6.69991,3.10,2.30
2010.11.08 20:10:57.478,6.69716,6.70012,3.10,2.30
2010.11.08 20:10:57.595,6.69716,6.7002,3.10,2.30
2010.11.08 20:10:58.407,6.69692,6.69996,3.10,2.30
2010.11.08 20:10:58.525,6.69692,6.69996,3.10,2.30
2010.11.08 20:10:59.103,6.69681,6.69987,3.10,2.30
2010.11.08 20:10:59.843,6.69701,6.70005,3.10,2.30
2010.11.08 20:11:02.006,6.69701,6.70005,3.10,2.30
2010.11.08 20:11:02.335,6.69715,6.70021,3.10,2.30
2010.11.08 20:11:02.446,6.69711,6.70015,3.10,2.30
2010.11.08 20:11:05.144,6.69711,6.70015,6.60,2.30
2010.11.08 20:11:05.473,6.69783,6.70087,3.10,2.30
2010.11.08 20:11:07.783,6.69792,6.70087,1.10,2.30
2010.11.08 20:11:07.895,6.69805,6.70087,1.80,2.30
2010.11.08 20:11:10.214,6.69805,6.70087,4.50,2.30
2010.11.08 20:11:12.832,6.69808,6.70087,1.20,2.30
2010.11.08 20:11:15.033,6.69808,6.70087,1.20,2.30
2010.11.08 20:11:16.806,6.69805,6.70087,2.30,2.30
2010.11.08 20:11:17.029,6.69808,6.70087,1.20,2.30
2010.11.08 20:11:17.143,6.69808,6.70087,1.20,2.30
2010.11.08 20:11:17.369,6.69787,6.70072,1.20,2.30
2010.11.08 20:11:17.485,6.69787,6.70069,1.20,2.30
2010.11.08 20:11:18.068,6.69778,6.70075,3.30,2.30
2010.11.08 20:11:18.512,6.69778,6.70075,1.40,2.30
2010.11.08 20:11:20.776,6.69773,6.70075,1.90,2.30
2010.11.08 20:11:20.898,6.69768,6.70059,2.80,2.30
2010.11.08 20:11:23.487,6.69768,6.70059,3.00,2.30
2010.11.08 20:11:26.497,6.69768,6.70059,3.00,2.30
2010.11.08 20:11:30.014,6.69768,6.70059,3.00,2.30
2010.11.08 20:11:31.405,6.69778,6.70064,1.40,1.50
2010.11.08 20:11:31.734,6.69778,6.70074,1.40,2.30
2010.11.08 20:11:32.672,6.69787,6.70074,1.40,2.30
2010.11.08 20:11:34.535,6.69778,6.70054,1.40,2.30
2010.11.08 20:11:35.521,6.69787,6.70075,1.20,2.30
2010.11.08 20:11:36.424,6.69788,6.70055,1.20,2.30
2010.11.08 20:11:37.915,6.69788,6.70074,1.10,2.30
2010.11.08 20:11:39.624,6.69778,6.70065,1.40,2.30
2010.11.08 20:11:42.017,6.69777,6.70065,1.40,2.30
2010.11.08 20:11:44.042,6.69788,6.70069,1.10,2.30
2010.11.08 20:11:45.598,6.69768,6.70065,1.10,2.30
2010.11.08 20:11:47.863,6.69768,6.70065,1.10,2.30
2010.11.08 20:11:47.976,6.69805,6.70089,2.80,2.30
2010.11.08 20:11:50.489,6.69805,6.70089,2.20,2.30
2010.11.08 20:11:50.962,6.69805,6.70046,2.20,2.30
2010.11.08 20:11:53.011,6.6974,6.70046,3.10,2.30
2010.11.08 20:11:55.078,6.6974,6.70046,3.10,2.30
2010.11.08 20:11:57.099,6.6974,6.70046,3.10,2.30
2010.11.08 20:11:59.082,6.69721,6.70025,3.10,2.30
2010.11.08 20:11:59.192,6.69739,6.70045,3.10,2.30
2010.11.08 20:12:00.624,6.69753,6.70059,3.10,2.30
2010.11.08 20:12:00.737,6.69753,6.70059,3.10,2.30
2010.11.08 20:12:02.758,6.69753,6.69793,3.10,4.50
2010.11.08 20:12:04.817,6.69733,6.69753,8.70,4.50
2010.11.08 20:12:06.479,6.69733,6.69753,2.30,4.50
2010.11.08 20:12:08.638,6.69733,6.69753,4.50,4.50
2010.11.08 20:12:08.755,6.69733,6.70059,3.10,6.80
2010.11.08 20:12:09.784,6.69754,6.70098,3.10,2.30
2010.11.08 20:12:11.651,6.69753,6.70059,3.10,2.30
2010.11.08 20:12:11.767,6.69745,6.70049,3.10,2.30
2010.11.08 20:12:13.484,6.69734,6.7004,3.10,2.30
2010.11.08 20:12:13.930,6.69719,6.7002,3.10,2.30
2010.11.08 20:12:14.461,6.69681,6.69987,3.10,2.30
2010.11.08 20:12:14.574,6.69681,6.69703,3.10,4.50
2010.11.08 20:12:14.683,6.69681,6.70027,3.10,2.30
2010.11.08 20:12:16.689,6.69681,6.69987,3.10,2.30
2010.11.08 20:12:19.470,6.69681,6.69987,3.10,2.30
2010.11.08 20:12:19.803,6.69686,6.69992,3.10,2.30
2010.11.08 20:12:20.024,6.69691,6.69997,3.10,2.30
2010.11.08 20:12:22.104,6.69681,6.69987,3.10,2.30
2010.11.08 20:12:24.215,6.69681,6.69987,3.10,2.30
2010.11.08 20:12:27.209,6.69681,6.69987,3.10,2.30
2010.11.08 20:12:28.272,6.69705,6.7,2.90,2.30
2010.11.08 20:12:28.873,6.69705,6.7001,2.90,2.30
2010.11.08 20:12:31.032,6.69705,6.7001,2.90,2.30
2010.11.08 20:12:33.280,6.69705,6.70009,3.10,2.30
2010.11.08 20:12:35.485,6.69705,6.70009,3.10,2.30
2010.11.08 20:12:37.154,6.69705,6.70009,3.10,2.30
2010.11.08 20:12:37.262,6.69709,6.70015,3.10,2.30
2010.11.08 20:12:39.612,6.69699,6.70005,3.10,2.30
2010.11.08 20:12:40.813,6.69705,6.70009,3.10,2.30
2010.11.08 20:12:43.506,6.69699,6.70005,3.10,2.30
2010.11.08 20:12:43.731,6.69709,6.70015,3.10,2.30
2010.11.08 20:12:43.841,6.69709,6.70015,3.10,2.30
2010.11.08 20:12:46.275,6.69709,6.70015,6.60,2.30
2010.11.08 20:12:48.254,6.69709,6.70015,3.30,2.30
2010.11.08 20:12:50.301,6.69709,6.70015,6.60,2.30
2010.11.08 20:12:52.312,6.69727,6.70015,5.30,2.30
2010.11.08 20:12:54.052,6.69709,6.70015,6.60,2.30
2010.11.08 20:12:54.162,6.69723,6.70029,6.60,2.30
2010.11.08 20:12:56.066,6.69714,6.7002,6.60,2.30
2010.11.08 20:12:56.285,6.69748,6.70052,3.30,2.30
2010.11.08 20:12:56.794,6.69758,6.70062,3.10,2.30
2010.11.08 20:12:56.904,6.69738,6.70044,3.10,2.30
2010.11.08 20:12:57.016,6.69728,6.70034,3.10,2.30
2010.11.08 20:12:59.122,6.69729,6.70033,3.10,2.30
2010.11.08 20:12:59.452,6.69733,6.70039,3.10,2.30
2010.11.08 20:13:01.794,6.69738,6.70044,3.10,2.30
2010.11.08 20:13:02.347,6.69738,6.70044,6.60,2.30
2010.11.08 20:13:02.578,6.69767,6.70058,5.30,2.30
2010.11.08 20:13:03.157,6.69782,6.70086,3.10,3.00
2010.11.08 20:13:05.237,6.69767,6.70063,5.30,2.30
2010.11.08 20:13:07.301,6.69767,6.70062,5.30,2.30
2010.11.08 20:13:09.386,6.69767,6.70062,5.30,2.30
2010.11.08 20:13:11.398,6.69767,6.70068,5.30,2.30
2010.11.08 20:13:12.192,6.69767,6.70057,5.30,2.30
2010.11.08 20:13:12.413,6.69767,6.70063,5.30,2.30
2010.11.08 20:13:15.024,6.69767,6.70063,5.30,2.30
2010.11.08 20:13:16.465,6.69796,6.70093,3.10,1.30
2010.11.08 20:13:16.574,6.69817,6.70093,5.30,1.30
2010.11.08 20:13:17.734,6.69767,6.70071,3.10,2.30
2010.11.08 20:13:20.024,6.69763,6.70067,3.10,2.30
2010.11.08 20:13:22.655,6.69763,6.70067,3.10,2.30
2010.11.08 20:13:24.801,6.69763,6.70067,3.10,2.30
2010.11.08 20:13:26.882,6.69762,6.70068,3.10,2.30
2010.11.08 20:13:28.884,6.69762,6.70068,3.10,2.30
2010.11.08 20:13:30.997,6.69772,6.70076,3.10,2.30
2010.11.08 20:13:31.335,6.69766,6.70072,3.10,2.30
2010.11.08 20:13:31.446,6.69758,6.70062,3.10,2.30
2010.11.08 20:13:31.555,6.69748,6.70052,3.10,2.30
2010.11.08 20:13:32.065,6.69763,6.70067,6.60,2.30
2010.11.08 20:13:33.217,6.69763,6.70067,6.60,2.30
2010.11.08 20:13:33.344,6.69805,6.70092,3.10,1.60
2010.11.08 20:13:35.731,6.6981,6.70093,3.10,2.00
2010.11.08 20:13:37.447,6.69787,6.70091,3.10,3.00
2010.11.08 20:13:38.225,6.69806,6.70093,3.10,2.00
2010.11.08 20:13:38.729,6.69825,6.70092,3.10,2.70
2010.11.08 20:13:41.290,6.69829,6.70092,3.10,2.70
2010.11.08 20:13:43.797,6.69829,6.70092,3.10,2.70
2010.11.08 20:13:46.114,6.69829,6.70092,3.10,2.70
2010.11.08 20:13:48.546,6.69829,6.70092,3.10,2.70
2010.11.08 20:13:49.315,6.69872,6.70093,6.60,2.10
2010.11.08 20:13:51.913,6.69902,6.70093,3.10,2.10
2010.11.08 20:13:52.796,6.69902,6.70093,3.10,2.10
2010.11.08 20:13:53.502,6.69857,6.70092,5.30,1.70
2010.11.08 20:13:53.727,6.69845,6.70092,6.60,1.70
2010.11.08 20:13:55.734,6.69853,6.70092,3.10,1.70
2010.11.08 20:13:56.668,6.69901,6.70093,6.60,2.00
2010.11.08 20:13:58.848,6.69925,6.70093,3.10,2.60
2010.11.08 20:14:00.907,6.69925,6.70093,3.10,2.60
2010.11.08 20:14:01.136,6.69925,6.70093,3.10,2.60
2010.11.08 20:14:03.225,6.69902,6.70092,3.10,1.80
2010.11.08 20:14:05.352,6.69912,6.70092,3.10,1.80
2010.11.08 20:14:07.068,6.69882,6.70093,3.10,2.70
2010.11.08 20:14:09.383,6.69853,6.70093,3.10,2.70
2010.11.08 20:14:11.124,6.69882,6.70093,3.10,2.70
2010.11.08 20:14:13.565,6.69893,6.70093,3.10,2.70
2010.11.08 20:14:16.390,6.69878,6.70093,3.10,2.70
2010.11.08 20:14:20.788,6.69882,6.70093,3.10,2.70
2010.11.08 20:14:22.798,6.69878,6.70093,3.10,2.70
2010.11.08 20:14:25.303,6.69878,6.70093,3.10,2.70
2010.11.08 20:14:26.727,6.69854,6.70092,3.10,1.70
2010.11.08 20:14:26.957,6.69869,6.70092,3.10,1.70
2010.11.08 20:14:28.027,6.69878,6.70093,6.60,2.80
2010.11.08 20:14:30.196,6.69902,6.70093,3.10,2.80
2010.11.08 20:14:31.388,6.69902,6.70093,3.10,2.80
2010.11.08 20:14:31.726,6.69854,6.70093,6.60,1.60
2010.11.08 20:14:32.805,6.69877,6.70092,3.30,2.10
2010.11.08 20:14:33.136,6.69941,6.70092,3.10,2.00
2010.11.08 20:14:33.686,6.69905,6.70092,3.10,1.70
2010.11.08 20:14:35.987,6.69919,6.70092,3.10,1.70
2010.11.08 20:14:38.184,6.69919,6.70093,3.10,2.80
2010.11.08 20:14:38.299,6.69889,6.70093,3.10,1.80
2010.11.08 20:14:38.524,6.69889,6.70093,3.10,1.80
2010.11.08 20:14:39.419,6.6989,6.70093,3.10,2.60
2010.11.08 20:14:41.514,6.6989,6.70092,3.10,2.60
2010.11.08 20:14:42.511,6.6989,6.70092,2.30,2.60
2010.11.08 20:14:44.582,6.69875,6.70092,3.10,2.60
2010.11.08 20:14:46.645,6.69871,6.70092,3.10,2.60
2010.11.08 20:14:48.686,6.69871,6.70092,3.10,2.60
2010.11.08 20:14:50.686,6.69871,6.70092,3.10,2.60
2010.11.08 20:14:53.928,6.69871,6.70092,3.10,2.60
2010.11.08 20:14:56.313,6.69871,6.70092,3.10,2.60
2010.11.08 20:14:58.411,6.69871,6.70092,3.10,2.60
2010.11.08 20:14:59.897,6.69871,6.70092,6.60,2.60
2010.11.08 20:15:00.461,6.69947,6.70092,3.10,1.90
2010.11.08 20:15:00.794,6.69947,6.70092,3.10,1.90
2010.11.08 20:15:03.069,6.69948,6.70092,3.10,1.90
2010.11.08 20:15:05.095,6.69938,6.70092,3.10,1.90
2010.11.08 20:15:07.181,6.69938,6.70092,3.10,1.90
2010.11.08 20:15:09.241,6.69943,6.70092,3.10,1.90
2010.11.08 20:15:11.836,6.69938,6.70092,3.10,1.90
2010.11.08 20:15:13.958,6.69938,6.70092,3.10,1.90
2010.11.08 20:15:16.178,6.69942,6.70092,3.10,1.90
2010.11.08 20:15:18.338,6.69942,6.70092,3.10,1.90
2010.11.08 20:15:20.346,6.69942,6.70092,3.10,1.90
2010.11.08 20:15:22.602,6.69942,6.70092,3.10,1.90
2010.11.08 20:15:25.646,6.69942,6.70092,3.10,1.90
2010.11.08 20:15:28.242,6.69942,6.70092,3.10,1.90
2010.11.08 20:15:30.528,6.69942,6.70092,3.10,1.90
2010.11.08 20:15:32.638,6.69948,6.70092,3.10,1.90
2010.11.08 20:15:35.400,6.69948,6.70092,3.10,1.90
2010.11.08 20:15:37.413,6.69943,6.70092,3.10,1.90
2010.11.08 20:15:37.855,6.69952,6.70092,3.10,1.90
2010.11.08 20:15:40.571,6.69977,6.70092,3.10,1.90
2010.11.08 20:15:41.395,6.69953,6.70092,3.10,1.90
2010.11.08 20:15:41.616,6.69948,6.70093,6.60,2.80
2010.11.08 20:15:43.985,6.6999,6.70092,3.10,2.00
2010.11.08 20:15:44.536,6.69956,6.70092,3.10,2.50
2010.11.08 20:15:46.607,6.69942,6.70092,3.10,2.50
2010.11.08 20:15:48.805,6.69947,6.70092,3.10,2.50
2010.11.08 20:15:51.804,6.69947,6.70092,3.10,2.50
2010.11.08 20:15:54.564,6.69947,6.70092,3.10,2.50
2010.11.08 20:15:56.617,6.69947,6.70092,3.10,2.50
2010.11.08 20:15:59.152,6.69947,6.70092,3.10,2.50
2010.11.08 20:16:01.196,6.69947,6.70092,3.10,2.50
2010.11.08 20:16:03.445,6.69947,6.70092,3.10,2.50
2010.11.08 20:16:05.792,6.69947,6.70092,3.10,2.50
2010.11.08 20:16:07.872,6.69947,6.70092,3.10,2.50
2010.11.08 20:16:10.031,6.69947,6.70092,3.10,2.50
2010.11.08 20:16:12.710,6.69947,6.70092,3.10,2.50
2010.11.08 20:16:16.185,6.69947,6.70092,3.10,2.50
2010.11.08 20:16:18.554,6.69947,6.70092,3.10,2.50
2010.11.08 20:16:20.675,6.69947,6.70092,3.10,2.50
2010.11.08 20:16:22.762,6.69943,6.70092,3.10,2.50
2010.11.08 20:16:24.782,6.69943,6.70092,3.10,2.50
2010.11.08 20:16:24.893,6.69943,6.70092,2.30,2.50
2010.11.08 20:16:26.970,6.69914,6.70092,3.10,2.20
2010.11.08 20:16:29.003,6.69914,6.70092,3.10,2.20
2010.11.08 20:16:31.095,6.69914,6.70092,3.10,2.20
2010.11.08 20:16:33.894,6.69914,6.70092,3.10,2.20
2010.11.08 20:16:36.867,6.69914,6.70092,3.10,2.20
2010.11.08 20:16:38.972,6.69914,6.70092,3.10,2.20
2010.11.08 20:16:40.979,6.69914,6.70092,3.10,2.20
2010.11.08 20:16:43.115,6.69914,6.70092,3.10,2.60
2010.11.08 20:16:43.445,6.69903,6.70229,3.10,2.30
2010.11.08 20:16:43.554,6.69897,6.70215,5.30,2.30
2010.11.08 20:16:45.596,6.69897,6.70195,5.30,2.30
2010.11.08 20:16:47.789,6.69897,6.70195,5.30,2.30
2010.11.08 20:16:49.786,6.69889,6.70195,3.10,2.30
2010.11.08 20:16:52.406,6.69889,6.70195,3.10,2.30
2010.11.08 20:16:54.406,6.69889,6.70195,3.10,2.30
2010.11.08 20:16:57.427,6.69889,6.70195,3.10,2.30
2010.11.08 20:16:59.620,6.69889,6.70195,3.10,2.30
2010.11.08 20:17:01.104,6.69887,6.70176,4.60,2.30
2010.11.08 20:17:01.756,6.6987,6.70176,3.10,2.30
2010.11.08 20:17:01.864,6.69889,6.70195,3.10,2.30
2010.11.08 20:17:04.152,6.69889,6.70195,3.10,2.30
2010.11.08 20:17:06.195,6.69889,6.70195,3.10,2.30
2010.11.08 20:17:08.284,6.69889,6.70195,3.10,2.30
2010.11.08 20:17:09.134,6.69866,6.7017,3.10,2.30
2010.11.08 20:17:11.250,6.69866,6.7017,3.10,2.30
2010.11.08 20:17:13.213,6.69841,6.70147,3.10,2.30
2010.11.08 20:17:13.323,6.69866,6.7017,3.10,2.30
2010.11.08 20:17:16.103,6.69866,6.7017,3.10,2.30
2010.11.08 20:17:18.319,6.69866,6.7017,3.10,2.30
2010.11.08 20:17:20.725,6.69866,6.7017,3.10,2.30
2010.11.08 20:17:22.915,6.69866,6.7017,3.10,2.30
2010.11.08 20:17:25.044,6.69866,6.7017,3.10,2.30
2010.11.08 20:17:27.428,6.69866,6.7017,3.10,2.30
2010.11.08 20:17:29.869,6.69866,6.7017,3.10,2.30
2010.11.08 20:17:29.983,6.69866,6.7017,3.10,2.30
2010.11.08 20:17:30.424,6.6989,6.70194,3.10,2.30
2010.11.08 20:17:30.980,6.69914,6.70215,2.30,2.30
2010.11.08 20:17:33.044,6.69914,6.70218,3.10,2.30
2010.11.08 20:17:35.168,6.69914,6.70218,3.10,2.30
2010.11.08 20:17:37.183,6.69914,6.70218,3.10,2.30
2010.11.08 20:17:40.483,6.69914,6.70218,3.10,2.30
2010.11.08 20:17:41.716,6.69889,6.70195,3.10,2.30
2010.11.08 20:17:42.154,6.69913,6.70219,3.10,2.30
2010.11.08 20:17:45.079,6.69913,6.70219,3.10,2.30
2010.11.08 20:17:47.476,6.69913,6.70219,3.10,2.30
2010.11.08 20:17:50.156,6.69913,6.70219,3.10,2.30
2010.11.08 20:17:52.749,6.69913,6.70219,3.10,2.30
2010.11.08 20:17:53.321,6.6989,6.70194,3.10,2.30
2010.11.08 20:17:55.697,6.6989,6.70194,3.10,2.30
2010.11.08 20:17:58.194,6.6989,6.70194,3.10,2.30
2010.11.08 20:18:00.326,6.6989,6.70194,3.10,2.30
2010.11.08 20:18:00.665,6.69855,6.70161,3.10,2.30
2010.11.08 20:18:00.773,6.69841,6.70147,6.60,2.30
2010.11.08 20:18:01.683,6.69855,6.70161,3.10,2.30
2010.11.08 20:18:03.714,6.69855,6.70161,3.10,2.30
2010.11.08 20:18:05.543,6.69855,6.70161,3.10,2.30
2010.11.08 20:18:05.771,6.69842,6.70146,3.10,2.30
2010.11.08 20:18:07.754,6.69842,6.70146,3.10,2.30
2010.11.08 20:18:08.251,6.69842,6.70146,3.10,2.30
2010.11.08 20:18:08.372,6.69837,6.70123,4.60,2.30
2010.11.08 20:18:08.595,6.69817,6.70123,3.10,2.30
2010.11.08 20:18:08.706,6.69797,6.70098,5.30,2.30
2010.11.08 20:18:08.925,6.69818,6.70122,3.10,2.30
2010.11.08 20:18:11.120,6.69818,6.70122,3.10,2.30
2010.11.08 20:18:13.386,6.69818,6.70122,3.10,2.30
2010.11.08 20:18:15.423,6.69818,6.70122,3.10,2.30
2010.11.08 20:18:17.521,6.69818,6.70122,3.10,2.30
2010.11.08 20:18:19.615,6.69818,6.70122,3.10,2.30
2010.11.08 20:18:21.905,6.69818,6.70122,3.10,2.30
2010.11.08 20:18:24.258,6.69818,6.70122,3.10,2.30
2010.11.08 20:18:26.473,6.69818,6.70122,3.10,2.30
2010.11.08 20:18:28.818,6.69818,6.70122,3.10,2.30
2010.11.08 20:18:31.222,6.69818,6.70122,3.10,2.30
2010.11.08 20:18:34.056,6.69818,6.70122,3.10,2.30
2010.11.08 20:18:36.124,6.69817,6.70123,3.10,2.30
2010.11.08 20:18:36.233,6.69817,6.70123,3.10,2.30
2010.11.08 20:18:36.344,6.69841,6.70143,3.10,2.30
2010.11.08 20:18:38.763,6.69841,6.70147,3.10,2.30
2010.11.08 20:18:40.951,6.69841,6.70147,3.10,2.30
2010.11.08 20:18:43.082,6.69841,6.70147,3.10,2.30
2010.11.08 20:18:45.366,6.69841,6.70147,3.10,2.30
2010.11.08 20:18:47.454,6.69841,6.70147,3.10,2.30
2010.11.08 20:18:49.536,6.69841,6.70147,3.10,2.30
2010.11.08 20:18:51.755,6.69841,6.70147,3.10,2.30
2010.11.08 20:18:54.032,6.69817,6.70123,6.60,2.30
2010.11.08 20:18:56.124,6.69812,6.70118,3.10,2.30
2010.11.08 20:18:58.701,6.69812,6.70118,3.10,2.30
2010.11.08 20:19:01.101,6.69812,6.70118,3.10,2.30
2010.11.08 20:19:03.111,6.69812,6.70118,3.10,2.30
2010.11.08 20:19:03.734,6.69812,6.70118,3.10,2.30
2010.11.08 20:19:04.173,6.69816,6.70118,3.10,2.30
2010.11.08 20:19:04.767,6.69812,6.70118,3.10,2.30
2010.11.08 20:19:04.794,6.69812,6.70118,3.10,2.30
2010.11.08 20:19:04.911,6.69788,6.70094,3.10,2.30
2010.11.08 20:19:07.014,6.69788,6.70094,3.10,2.30
2010.11.08 20:19:07.124,6.69778,6.70084,3.10,2.30
2010.11.08 20:19:07.234,6.69789,6.70093,3.10,2.30
2010.11.08 20:19:09.245,6.69789,6.70093,3.10,2.30
2010.11.08 20:19:11.451,6.69789,6.70093,3.10,2.30
2010.11.08 20:19:13.975,6.69789,6.70093,3.10,2.30
2010.11.08 20:19:15.695,6.69779,6.70083,6.60,2.30
2010.11.08 20:19:16.393,6.69789,6.70093,3.10,2.30
2010.11.08 20:19:16.502,6.69778,6.70084,6.60,2.30
2010.11.08 20:19:17.307,6.69788,6.70094,2.30,3.00
2010.11.08 20:19:17.421,6.69745,6.70051,3.10,2.30
2010.11.08 20:19:20.733,6.69745,6.70051,3.10,2.30
2010.11.08 20:19:20.845,6.6973,6.70036,3.10,2.30
2010.11.08 20:19:21.063,6.6973,6.70036,3.10,2.30
2010.11.08 20:19:23.505,6.6973,6.70036,3.10,2.30
2010.11.08 20:19:23.615,6.69721,6.70027,3.10,2.30
2010.11.08 20:19:23.947,6.69724,6.7003,2.30,2.30
2010.11.08 20:19:24.066,6.69729,6.70033,2.30,2.30
2010.11.08 20:19:25.157,6.69729,6.70033,3.10,2.30
2010.11.08 20:19:25.274,6.69747,6.70053,3.10,2.30
2010.11.08 20:19:27.425,6.69747,6.70053,3.10,2.30
2010.11.08 20:19:29.890,6.69747,6.70053,3.10,2.30
2010.11.08 20:19:31.913,6.69747,6.70053,3.10,2.30
2010.11.08 20:19:34.225,6.69747,6.70053,3.10,2.30
2010.11.08 20:19:36.941,6.69747,6.70053,3.10,2.30
2010.11.08 20:19:39.876,6.69747,6.70053,3.10,2.30
2010.11.08 20:19:41.394,6.69757,6.70063,6.60,2.30
2010.11.08 20:19:41.903,6.69771,6.70077,6.60,2.30
2010.11.08 20:19:42.027,6.69795,6.70101,3.10,2.30
2010.11.08 20:19:44.432,6.69795,6.70101,3.10,2.30
2010.11.08 20:19:46.494,6.69795,6.70101,3.10,2.30
2010.11.08 20:19:48.908,6.69795,6.70101,3.10,2.30
2010.11.08 20:19:51.455,6.69795,6.70101,3.10,2.30
2010.11.08 20:19:53.887,6.69795,6.70101,3.10,2.30
2010.11.08 20:19:55.959,6.69795,6.70101,3.10,2.30
2010.11.08 20:19:58.222,6.69795,6.70101,3.10,2.30
2010.11.08 20:20:00.420,6.69795,6.70101,3.10,2.30
2010.11.08 20:20:02.563,6.69795,6.70101,3.10,2.30
2010.11.08 20:20:02.688,6.69823,6.70101,6.60,2.30
2010.11.08 20:20:02.804,6.69844,6.70148,3.10,2.30
2010.11.08 20:20:03.866,6.69844,6.70148,2.30,2.30
2010.11.08 20:20:03.976,6.6982,6.70124,3.10,2.30
2010.11.08 20:20:04.415,6.69844,6.70148,2.30,2.30
2010.11.08 20:20:04.526,6.69844,6.70148,3.10,2.30
2010.11.08 20:20:06.625,6.69844,6.70148,3.10,2.30
2010.11.08 20:20:08.686,6.69844,6.70148,3.10,2.30
2010.11.08 20:20:11.154,6.69844,6.70148,3.10,2.30
2010.11.08 20:20:12.443,6.69844,6.70148,6.60,2.30
2010.11.08 20:20:13.037,6.69877,6.70183,6.60,2.30
2010.11.08 20:20:13.169,6.69891,6.70197,3.10,2.30
2010.11.08 20:20:14.076,6.69891,6.70197,6.60,2.30
2010.11.08 20:20:14.504,6.69902,6.70206,6.60,2.30
2010.11.08 20:20:14.624,6.69916,6.7022,3.10,2.30
2010.11.08 20:20:14.735,6.6992,6.7022,3.10,2.30
2010.11.08 20:20:15.064,6.6994,6.70246,3.10,2.30
2010.11.08 20:20:17.104,6.6994,6.70246,3.10,2.30
2010.11.08 20:20:17.214,6.6992,6.70221,3.10,2.30
2010.11.08 20:20:17.607,6.6992,6.70221,3.10,2.30
2010.11.08 20:20:17.717,6.69941,6.70245,3.10,2.30
2010.11.08 20:20:19.795,6.69941,6.70245,3.10,2.30
2010.11.08 20:20:20.017,6.69941,6.70245,2.30,3.00
2010.11.08 20:20:20.134,6.69891,6.70197,3.10,2.30
2010.11.08 20:20:20.464,6.69891,6.70197,3.10,2.30
2010.11.08 20:20:22.542,6.69891,6.70197,3.10,2.30
2010.11.08 20:20:22.657,6.69907,6.70211,3.10,2.30
2010.11.08 20:20:22.771,6.69907,6.70211,3.10,2.30
2010.11.08 20:20:22.883,6.69916,6.7022,3.10,2.30
2010.11.08 20:20:24.316,6.6994,6.70246,3.10,2.30
2010.11.08 20:20:24.423,6.6994,6.70246,3.10,2.30
2010.11.08 20:20:24.756,6.6994,6.70246,2.30,2.30
2010.11.08 20:20:25.274,6.69915,6.70221,3.10,2.30
2010.11.08 20:20:27.320,6.69915,6.70221,3.10,2.30
2010.11.08 20:20:27.654,6.69934,6.70221,3.10,2.30
2010.11.08 20:20:27.764,6.69955,6.70259,3.10,2.30
2010.11.08 20:20:29.359,6.69955,6.70259,3.10,2.30
2010.11.08 20:20:29.586,6.6994,6.70246,3.10,2.30
2010.11.08 20:20:31.767,6.6994,6.70246,3.10,2.30
2010.11.08 20:20:34.080,6.6994,6.70246,3.10,2.30
2010.11.08 20:20:36.415,6.6994,6.70246,3.10,2.30
2010.11.08 20:20:38.581,6.6994,6.70246,3.10,2.30
2010.11.08 20:20:41.300,6.6994,6.70246,3.10,2.30
2010.11.08 20:20:42.953,6.6994,6.70246,3.10,2.30
2010.11.08 20:20:45.179,6.6994,6.70246,3.10,2.30
2010.11.08 20:20:47.227,6.6994,6.70246,3.10,2.30
2010.11.08 20:20:49.764,6.6994,6.70246,3.10,2.30
2010.11.08 20:20:52.415,6.6994,6.70246,3.10,2.30
2010.11.08 20:20:52.952,6.69925,6.70231,6.60,2.30
2010.11.08 20:20:53.173,6.69925,6.70231,3.10,2.30
2010.11.08 20:20:53.567,6.69925,6.70231,3.10,2.30
2010.11.08 20:20:53.689,6.69915,6.70221,3.10,2.30
2010.11.08 20:20:55.717,6.69915,6.70221,3.10,2.30
2010.11.08 20:20:56.399,6.69915,6.70221,2.30,2.30
2010.11.08 20:20:56.922,6.69891,6.70197,3.10,2.30
2010.11.08 20:20:57.145,6.69915,6.70221,2.30,2.30
2010.11.08 20:20:58.284,6.69891,6.70197,3.10,2.30
2010.11.08 20:20:58.845,6.69915,6.70221,2.30,2.30
2010.11.08 20:21:01.292,6.69915,6.70221,2.30,2.30
2010.11.08 20:21:01.762,6.69892,6.70196,3.10,2.30
2010.11.08 20:21:02.213,6.69915,6.70221,2.30,2.30
2010.11.08 20:21:04.062,6.69892,6.70196,3.10,2.30
2010.11.08 20:21:05.587,6.69892,6.70169,2.30,2.30
2010.11.08 20:21:05.709,6.69844,6.70148,3.10,2.30
2010.11.08 20:21:06.073,6.69858,6.70164,3.10,2.30
2010.11.08 20:21:06.183,6.69844,6.70148,3.10,2.30
2010.11.08 20:21:06.878,6.69858,6.70164,3.10,2.30
2010.11.08 20:21:07.105,6.69854,6.70158,3.10,2.30
2010.11.08 20:21:09.142,6.69854,6.70158,3.10,2.30
2010.11.08 20:21:09.534,6.69853,6.70159,3.10,2.30
2010.11.08 20:21:10.385,6.69844,6.70148,3.10,2.30
2010.11.08 20:21:10.602,6.69853,6.70159,3.10,2.30
2010.11.08 20:21:10.713,6.69844,6.70148,3.10,2.30
2010.11.08 20:21:11.082,6.69853,6.70159,3.10,2.30
2010.11.08 20:21:11.303,6.69844,6.70148,3.10,2.30
2010.11.08 20:21:12.082,6.69853,6.70159,3.10,2.30
2010.11.08 20:21:12.303,6.69844,6.70148,3.10,2.30
2010.11.08 20:21:14.153,6.69853,6.70159,3.10,2.30
2010.11.08 20:21:16.514,6.69853,6.70159,3.10,2.30
2010.11.08 20:21:18.383,6.69843,6.70149,3.10,2.30
2010.11.08 20:21:20.467,6.69843,6.70149,3.10,2.30
2010.11.08 20:21:22.674,6.69843,6.70149,3.10,2.30
2010.11.08 20:21:25.596,6.69843,6.70149,3.10,2.30
2010.11.08 20:21:26.976,6.69843,6.70149,3.10,2.30
2010.11.08 20:21:27.086,6.69843,6.70149,2.30,3.00
2010.11.08 20:21:27.197,6.6983,6.70134,2.30,2.30
2010.11.08 20:21:27.903,6.69795,6.70101,6.60,2.30
2010.11.08 20:21:28.019,6.69844,6.70148,3.10,2.30
2010.11.08 20:21:29.802,6.69817,6.701,5.30,2.30
2010.11.08 20:21:29.914,6.69817,6.701,5.30,2.30
2010.11.08 20:21:32.027,6.69796,6.701,3.10,2.30
2010.11.08 20:21:33.555,6.69796,6.701,6.60,2.30
2010.11.08 20:21:33.666,6.6982,6.70124,3.10,2.30
2010.11.08 20:21:34.196,6.69843,6.70149,3.10,2.30
2010.11.08 20:21:36.224,6.69843,6.70149,3.10,2.30
2010.11.08 20:21:38.432,6.69843,6.70149,3.10,2.30
2010.11.08 20:21:40.768,6.69843,6.70149,3.10,2.30
2010.11.08 20:21:40.891,6.69795,6.70101,3.10,2.30
2010.11.08 20:21:42.374,6.69819,6.70125,2.30,2.30
2010.11.08 20:21:43.621,6.69811,6.70115,3.10,2.30
2010.11.08 20:21:45.014,6.69811,6.70115,3.10,2.30
2010.11.08 20:21:45.123,6.69819,6.70125,3.10,2.30
2010.11.08 20:21:46.475,6.69819,6.70121,3.10,2.30
2010.11.08 20:21:46.694,6.69796,6.701,3.10,2.30
2010.11.08 20:21:49.487,6.69796,6.701,3.10,2.30
2010.11.08 20:21:49.995,6.69747,6.70053,3.10,2.30
2010.11.08 20:21:51.997,6.69762,6.70066,3.10,2.30
2010.11.08 20:21:52.686,6.69771,6.70077,3.10,2.30
2010.11.08 20:21:53.784,6.69771,6.70077,2.30,2.30
2010.11.08 20:21:53.893,6.69761,6.70067,3.10,2.30
2010.11.08 20:21:54.387,6.69748,6.70052,3.10,2.30
2010.11.08 20:21:54.834,6.69748,6.70052,3.00,3.00
2010.11.08 20:21:54.948,6.69748,6.70035,2.30,2.30
2010.11.08 20:21:55.175,6.69748,6.70025,2.30,2.30
2010.11.08 20:21:55.651,6.697,6.70004,3.10,2.30
2010.11.08 20:21:57.705,6.697,6.70004,3.10,2.30
2010.11.08 20:22:00.197,6.697,6.70004,3.10,2.30
2010.11.08 20:22:02.436,6.697,6.70004,3.10,2.30
2010.11.08 20:22:04.203,6.69727,6.69957,4.50,2.30
2010.11.08 20:22:04.917,6.69677,6.69957,5.30,2.30
2010.11.08 20:22:05.026,6.6968,6.69986,3.10,2.30
2010.11.08 20:22:05.964,6.69677,6.6998,5.30,2.30
2010.11.08 20:22:06.468,6.69727,6.70005,4.60,2.30
2010.11.08 20:22:07.247,6.69727,6.69977,4.50,2.30
2010.11.08 20:22:07.896,6.69677,6.69956,4.60,2.30
2010.11.08 20:22:10.256,6.69677,6.69956,4.60,2.30
2010.11.08 20:22:12.265,6.69677,6.69977,4.60,2.30
2010.11.08 20:22:12.374,6.69677,6.69957,4.60,2.30
2010.11.08 20:22:14.947,6.69677,6.69957,4.60,2.30
2010.11.08 20:22:17.003,6.69651,6.69957,3.10,2.30
2010.11.08 20:22:18.595,6.69627,6.69933,6.60,2.30
2010.11.08 20:22:19.224,6.69652,6.69956,3.10,2.30
2010.11.08 20:22:21.282,6.69652,6.69956,3.10,2.30
2010.11.08 20:22:23.509,6.69652,6.69956,3.10,2.30
2010.11.08 20:22:25.115,6.69689,6.69977,3.10,2.30
2010.11.08 20:22:25.746,6.69676,6.6998,3.10,2.30
2010.11.08 20:22:27.779,6.69676,6.6998,3.10,2.30
2010.11.08 20:22:28.878,6.69676,6.6998,3.10,2.30
2010.11.08 20:22:28.998,6.69699,6.70005,3.10,2.30
2010.11.08 20:22:31.044,6.69699,6.70005,3.10,2.30
2010.11.08 20:22:33.511,6.69699,6.70005,3.10,2.30
2010.11.08 20:22:35.594,6.69699,6.70005,3.10,2.30
2010.11.08 20:22:37.612,6.69699,6.70005,3.10,2.30
2010.11.08 20:22:38.532,6.69713,6.70019,6.60,2.30
2010.11.08 20:22:40.554,6.69713,6.70019,3.10,2.30
2010.11.08 20:22:42.906,6.69713,6.70019,3.10,2.30
2010.11.08 20:22:45.546,6.69713,6.70019,3.10,2.30
2010.11.08 20:22:47.572,6.69713,6.70019,3.10,2.30
2010.11.08 20:22:49.622,6.69723,6.70029,3.10,2.30
2010.11.08 20:22:51.966,6.69723,6.70029,3.10,2.30
2010.11.08 20:22:55.568,6.69723,6.70029,3.10,2.30
2010.11.08 20:22:57.571,6.69723,6.70029,3.10,2.30
2010.11.08 20:23:00.664,6.69723,6.70029,3.10,2.30
2010.11.08 20:23:03.944,6.69723,6.70029,3.10,2.30
2010.11.08 20:23:06.285,6.69723,6.70029,3.10,2.30
2010.11.08 20:23:08.242,6.69723,6.70029,3.10,2.30
2010.11.08 20:23:08.353,6.69699,6.70005,3.10,2.30
2010.11.08 20:23:08.793,6.69724,6.70028,3.10,2.30
2010.11.08 20:23:11.016,6.69724,6.70028,3.10,2.30
2010.11.08 20:23:13.112,6.69755,6.70059,2.30,2.30
2010.11.08 20:23:15.152,6.69755,6.70059,2.30,2.30
2010.11.08 20:23:17.410,6.69755,6.70059,2.30,2.30
2010.11.08 20:23:19.505,6.69755,6.70061,2.30,3.00
2010.11.08 20:23:21.971,6.69755,6.70061,2.30,3.00
2010.11.08 20:23:24.392,6.69755,6.70061,2.30,3.00
2010.11.08 20:23:24.722,6.69755,6.70061,2.50,3.00
2010.11.08 20:23:24.943,6.69841,6.70074,2.30,1.50
2010.11.08 20:23:26.952,6.69841,6.70074,2.50,1.50
2010.11.08 20:23:29.256,6.69841,6.70074,2.50,1.50
2010.11.08 20:23:31.306,6.69841,6.70086,2.50,1.50
2010.11.08 20:23:31.638,6.69877,6.70086,6.60,1.50
2010.11.08 20:23:31.754,6.69877,6.70086,2.50,1.50
2010.11.08 20:23:31.865,6.69869,6.7007,2.50,1.50
2010.11.08 20:23:32.907,6.69869,6.7007,2.50,1.50
2010.11.08 20:23:33.464,6.69881,6.7007,2.90,1.50
2010.11.08 20:23:34.022,6.69883,6.70086,2.40,1.50
2010.11.08 20:23:34.141,6.69883,6.701,2.40,1.50
2010.11.08 20:23:34.365,6.69905,6.701,1.70,1.50
2010.11.08 20:23:34.475,6.69905,6.70108,4.20,1.50
2010.11.08 20:23:35.317,6.69907,6.70108,1.40,1.50
2010.11.08 20:23:37.426,6.69907,6.70108,1.40,1.50
2010.11.08 20:23:37.653,6.69917,6.70131,1.40,1.50
2010.11.08 20:23:37.875,6.69937,6.70131,3.20,1.50
2010.11.08 20:23:38.356,6.69917,6.70112,1.40,1.50
2010.11.08 20:23:38.496,6.69904,6.70096,2.90,1.50
2010.11.08 20:23:39.783,6.69904,6.70084,2.90,1.50
2010.11.08 20:23:41.861,6.69917,6.70084,1.40,1.50
2010.11.08 20:23:42.382,6.69918,6.70073,1.20,1.50
2010.11.08 20:23:42.713,6.69887,6.70049,6.60,1.50
2010.11.08 20:23:43.043,6.69872,6.70049,2.90,1.50
2010.11.08 20:23:47.876,6.69871,6.70049,2.90,1.50
2010.11.08 20:23:50.349,6.69871,6.70049,2.90,1.50
2010.11.08 20:23:52.392,6.69871,6.70049,2.90,1.50
2010.11.08 20:23:54.715,6.69871,6.70049,2.90,1.50
2010.11.08 20:23:58.718,6.69871,6.70049,2.90,1.50
2010.11.08 20:24:00.951,6.69871,6.70049,2.90,1.50
2010.11.08 20:24:02.942,6.69871,6.70049,2.90,1.50
2010.11.08 20:24:04.951,6.69871,6.70049,2.90,1.50
2010.11.08 20:24:08.595,6.69871,6.70049,2.90,1.50
2010.11.08 20:24:11.064,6.69871,6.70049,2.90,1.50
2010.11.08 20:24:11.801,6.69854,6.70049,3.30,1.50
2010.11.08 20:24:12.754,6.69803,6.70007,1.30,1.50
2010.11.08 20:24:13.203,6.69803,6.70007,1.30,1.50
2010.11.08 20:24:15.336,6.69812,6.70007,2.90,1.50
2010.11.08 20:24:17.343,6.69812,6.70007,2.90,1.50
2010.11.08 20:24:17.772,6.69775,6.69883,3.10,4.50
2010.11.08 20:24:17.994,6.69587,6.69861,1.20,2.30
2010.11.08 20:24:18.213,6.69518,6.69861,2.90,2.30
2010.11.08 20:24:19.185,6.69558,6.69787,2.90,1.50
2010.11.08 20:24:21.242,6.69558,6.69787,2.90,1.50
2010.11.08 20:24:22.359,6.69558,6.69787,2.90,1.50
2010.11.08 20:24:23.964,6.69548,6.69795,1.40,1.50
2010.11.08 20:24:24.556,6.69548,6.69795,1.40,1.50
2010.11.08 20:24:24.676,6.69532,6.69787,2.90,1.50
2010.11.08 20:24:26.702,6.69532,6.69787,2.90,1.50
2010.11.08 20:24:28.711,6.69532,6.69787,2.90,1.50
2010.11.08 20:24:31.215,6.69532,6.69787,2.90,1.50
2010.11.08 20:24:33.242,6.69532,6.69787,2.90,1.50
2010.11.08 20:24:35.102,6.69537,6.69797,1.40,1.50
2010.11.08 20:24:37.264,6.69537,6.69797,1.40,1.50
2010.11.08 20:24:41.795,6.69537,6.69797,1.20,1.50
2010.11.08 20:24:44.167,6.69537,6.69797,1.20,1.50
2010.11.08 20:24:46.281,6.69532,6.69767,2.90,1.50
2010.11.08 20:24:46.395,6.69517,6.69767,1.10,1.50
2010.11.08 20:24:47.503,6.69518,6.6978,1.10,2.30
2010.11.08 20:24:49.563,6.69518,6.69785,1.10,1.50
2010.11.08 20:24:51.752,6.69527,6.69785,1.10,1.50
2010.11.08 20:24:53.827,6.69527,6.69785,1.10,1.50
2010.11.08 20:24:54.725,6.69527,6.69785,1.10,1.50
2010.11.08 20:24:56.944,6.69527,6.69785,1.10,1.50
2010.11.08 20:24:59.743,6.69527,6.69785,1.10,1.50
2010.11.08 20:25:00.901,6.69527,6.69623,1.10,4.50
2010.11.08 20:25:03.374,6.69527,6.69583,1.10,4.50
2010.11.08 20:25:03.482,6.69522,6.69583,1.10,4.50
2010.11.08 20:25:05.502,6.69522,6.69583,1.10,4.50
2010.11.08 20:25:08.863,6.69522,6.69583,1.10,4.50
2010.11.08 20:25:10.911,6.69522,6.69583,1.10,4.50
2010.11.08 20:25:11.406,6.69557,6.69835,1.10,1.50
2010.11.08 20:25:11.524,6.69557,6.69849,1.10,1.50
2010.11.08 20:25:11.744,6.69565,6.69862,3.20,2.30
2010.11.08 20:25:12.222,6.69584,6.69876,2.50,1.60
2010.11.08 20:25:12.338,6.69578,6.69872,1.10,1.50
2010.11.08 20:25:14.594,6.69578,6.69832,1.10,1.50
2010.11.08 20:25:14.922,6.69578,6.69845,1.10,1.50
2010.11.08 20:25:16.961,6.69578,6.69845,1.10,1.50
2010.11.08 20:25:18.382,6.69562,6.69845,2.30,1.70
2010.11.08 20:25:18.493,6.69562,6.6983,2.30,1.50
2010.11.08 20:25:19.106,6.69558,6.69802,1.10,1.50
2010.11.08 20:25:21.112,6.69558,6.69802,1.10,1.50
2010.11.08 20:25:23.247,6.69567,6.69802,1.10,1.50
2010.11.08 20:25:24.103,6.69609,6.69802,2.30,1.50
2010.11.08 20:25:24.729,6.69664,6.69913,3.20,4.50
2010.11.08 20:25:24.849,6.69601,6.69908,3.20,1.50
2010.11.08 20:25:24.968,6.6964,6.69913,3.20,4.50
2010.11.08 20:25:25.085,6.6964,6.69913,2.30,4.50
2010.11.08 20:25:25.194,6.69615,6.69913,2.30,5.30
2010.11.08 20:25:25.783,6.69639,6.69924,2.30,1.50
2010.11.08 20:25:27.060,6.69684,6.69928,2.30,1.50
2010.11.08 20:25:27.185,6.69646,6.69924,2.30,1.50
2010.11.08 20:25:27.404,6.69646,6.69906,2.30,1.50
2010.11.08 20:25:27.513,6.69639,6.69906,2.30,1.50
2010.11.08 20:25:27.843,6.69659,6.69924,2.30,1.50
2010.11.08 20:25:28.239,6.69659,6.69924,2.30,1.50
2010.11.08 20:25:28.359,6.69635,6.69906,2.30,1.50
2010.11.08 20:25:28.586,6.69659,6.69885,2.30,1.50
2010.11.08 20:25:28.695,6.69612,6.69885,2.30,1.50
2010.11.08 20:25:28.915,6.69636,6.69885,2.30,1.50
2010.11.08 20:25:29.135,6.69636,6.69902,2.30,1.50
2010.11.08 20:25:30.633,6.69611,6.69885,2.30,1.50
2010.11.08 20:25:32.663,6.69611,6.69885,2.30,1.50
2010.11.08 20:25:34.063,6.69611,6.69804,2.30,1.50
2010.11.08 20:25:34.283,6.69467,6.69794,12.00,2.30
2010.11.08 20:25:36.322,6.69476,6.69774,2.80,2.30
2010.11.08 20:25:37.373,6.69476,6.69774,2.60,2.30
2010.11.08 20:25:37.482,6.69476,6.69774,2.60,2.30
2010.11.08 20:25:39.512,6.69488,6.69774,1.30,2.30
2010.11.08 20:25:41.591,6.69488,6.69774,1.30,2.30
2010.11.08 20:25:43.986,6.69488,6.69774,1.30,2.30
2010.11.08 20:25:44.201,6.69488,6.69754,1.30,1.50
2010.11.08 20:25:46.428,6.69488,6.69749,1.30,2.30
2010.11.08 20:25:48.926,6.69488,6.69754,1.30,1.50
2010.11.08 20:25:51.492,6.69488,6.69754,1.30,1.50
2010.11.08 20:25:53.276,6.69493,6.69749,1.10,2.50
2010.11.08 20:25:53.997,6.69477,6.69706,1.20,1.50
2010.11.08 20:25:54.652,6.69487,6.69749,1.10,1.50
2010.11.08 20:25:57.323,6.69487,6.69749,1.10,1.50
2010.11.08 20:25:59.344,6.69487,6.69749,1.10,1.50
2010.11.08 20:26:01.848,6.69488,6.69749,1.10,1.50
2010.11.08 20:26:02.372,6.69492,6.69749,1.40,1.70
2010.11.08 20:26:02.936,6.69483,6.69706,1.30,1.50
2010.11.08 20:26:03.163,6.69473,6.69706,1.30,1.50
2010.11.08 20:26:03.643,6.6948,6.69706,2.40,1.50
2010.11.08 20:26:05.254,6.69497,6.69706,1.10,1.50
2010.11.08 20:26:05.363,6.69502,6.69725,1.30,2.30
2010.11.08 20:26:05.779,6.69502,6.69749,1.30,2.30
2010.11.08 20:26:05.905,6.69457,6.69749,1.20,1.50
2010.11.08 20:26:07.989,6.69493,6.69749,1.30,1.50
2010.11.08 20:26:10.081,6.69493,6.69749,1.30,1.50
2010.11.08 20:26:11.853,6.69508,6.6975,1.10,2.30
2010.11.08 20:26:12.073,6.69533,6.69764,2.80,2.30
2010.11.08 20:26:12.182,6.69533,6.69789,2.80,1.50
2010.11.08 20:26:14.423,6.69537,6.69789,1.10,1.50
2010.11.08 20:26:16.559,6.69537,6.69789,1.10,1.50
2010.11.08 20:26:18.998,6.69537,6.69789,1.10,1.50
2010.11.08 20:26:21.433,6.69537,6.69789,1.10,1.50
2010.11.08 20:26:23.990,6.69537,6.69789,1.10,1.50
2010.11.08 20:26:26.207,6.69537,6.69789,1.10,1.50
2010.11.08 20:26:28.298,6.69533,6.69789,3.20,1.50
2010.11.08 20:26:30.602,6.69538,6.69789,1.10,1.50
2010.11.08 20:26:31.571,6.69527,6.69789,1.10,1.70
2010.11.08 20:26:32.066,6.69527,6.69754,1.10,1.50
2010.11.08 20:26:33.817,6.69528,6.69754,1.10,1.50
2010.11.08 20:26:36.426,6.69507,6.69754,1.10,1.50
2010.11.08 20:26:38.818,6.69527,6.69754,1.10,1.50
2010.11.08 20:26:41.248,6.69527,6.69754,1.10,1.50
2010.11.08 20:26:43.032,6.69527,6.69754,1.10,1.50
2010.11.08 20:26:43.255,6.69538,6.69787,1.10,1.50
2010.11.08 20:26:45.519,6.69538,6.69787,1.10,1.50
2010.11.08 20:26:49.066,6.69538,6.69787,1.10,1.50
2010.11.08 20:26:52.257,6.69538,6.69787,1.10,1.50
2010.11.08 20:26:55.304,6.69538,6.69787,1.10,1.50
2010.11.08 20:26:56.055,6.69538,6.6978,1.10,1.50
2010.11.08 20:26:57.204,6.69538,6.69788,1.10,1.50
2010.11.08 20:26:58.131,6.69538,6.69797,1.10,3.80
2010.11.08 20:27:00.566,6.69538,6.69797,1.10,3.80
2010.11.08 20:27:02.949,6.69538,6.69797,1.10,3.80
2010.11.08 20:27:05.477,6.69538,6.69797,1.10,3.80
2010.11.08 20:27:08.534,6.69538,6.69797,1.10,3.80
2010.11.08 20:27:09.985,6.69558,6.6981,1.10,1.50
2010.11.08 20:27:10.495,6.69578,6.69823,1.10,1.50
2010.11.08 20:27:10.726,6.6954,6.69802,6.60,1.50
2010.11.08 20:27:10.837,6.69538,6.69798,1.10,2.30
2010.11.08 20:27:13.227,6.69527,6.69798,1.20,2.30
2010.11.08 20:27:17.054,6.69527,6.69798,1.20,2.30
2010.11.08 20:27:17.503,6.69527,6.69663,1.20,4.50
2010.11.08 20:27:19.511,6.69527,6.69774,1.10,1.50
2010.11.08 20:27:19.627,6.69538,6.69818,1.10,2.30
2010.11.08 20:27:20.513,6.69528,6.69663,1.20,4.50
2010.11.08 20:27:21.499,6.69517,6.69794,1.10,1.50
2010.11.08 20:27:22.053,6.69507,6.69754,1.40,1.50
2010.11.08 20:27:24.119,6.69518,6.69754,1.10,1.50
2010.11.08 20:27:26.254,6.69518,6.69754,1.10,1.50
2010.11.08 20:27:28.454,6.69518,6.69754,1.10,1.50
2010.11.08 20:27:31.086,6.69518,6.69754,1.10,1.50
2010.11.08 20:27:33.645,6.69518,6.69754,1.10,1.50
2010.11.08 20:27:35.477,6.69518,6.69754,1.10,1.50
2010.11.08 20:27:36.232,6.69578,6.69793,1.70,4.50
2010.11.08 20:27:36.454,6.69588,6.69851,1.40,1.50
2010.11.08 20:27:36.565,6.69588,6.69838,1.10,1.50
2010.11.08 20:27:37.267,6.69568,6.69838,1.40,1.50
2010.11.08 20:27:40.132,6.69568,6.69839,1.40,1.50
2010.11.08 20:27:40.241,6.69568,6.69839,1.40,1.50
2010.11.08 20:27:43.289,6.69568,6.69839,1.40,1.50
2010.11.08 20:27:45.765,6.69568,6.69839,1.40,1.50
2010.11.08 20:27:48.526,6.69568,6.69839,1.40,1.50
2010.11.08 20:27:50.562,6.69567,6.69839,1.20,1.50
2010.11.08 20:27:52.770,6.69578,6.69839,1.20,1.50
2010.11.08 20:27:54.783,6.69578,6.69839,1.20,1.50
2010.11.08 20:27:56.961,6.69578,6.69839,1.20,1.50
2010.11.08 20:27:59.056,6.69578,6.69839,1.20,1.50
2010.11.08 20:27:59.688,6.69607,6.69851,1.10,1.50
2010.11.08 20:28:02.362,6.69607,6.69851,1.10,1.50
2010.11.08 20:28:03.669,6.69617,6.69851,1.10,1.50
2010.11.08 20:28:03.894,6.69617,6.69875,1.10,2.30
2010.11.08 20:28:04.114,6.69627,6.69886,1.10,1.50
2010.11.08 20:28:06.053,6.69617,6.69886,6.20,1.50
2010.11.08 20:28:06.165,6.69615,6.69851,1.10,1.50
2010.11.08 20:28:06.828,6.69617,6.6988,1.10,1.50
2010.11.08 20:28:08.504,6.69617,6.6988,1.10,1.50
2010.11.08 20:28:08.983,6.69618,6.69894,1.10,2.30
2010.11.08 20:28:09.215,6.6962,6.69909,3.20,1.50
2010.11.08 20:28:10.534,6.69637,6.69909,1.40,1.50
2010.11.08 20:28:12.542,6.69646,6.69909,1.10,1.50
2010.11.08 20:28:14.559,6.69646,6.69909,1.10,1.50
2010.11.08 20:28:15.352,6.69628,6.69909,1.10,1.50
2010.11.08 20:28:17.548,6.69637,6.69909,1.10,1.50
2010.11.08 20:28:19.728,6.69638,6.69903,1.10,1.50
2010.11.08 20:28:21.907,6.69638,6.69903,1.10,1.50
2010.11.08 20:28:24.005,6.69638,6.69903,1.10,1.50
2010.11.08 20:28:26.013,6.69638,6.69903,1.10,1.50
2010.11.08 20:28:28.304,6.69638,6.69903,1.10,1.50
2010.11.08 20:28:30.746,6.69638,6.69903,1.10,1.50
2010.11.08 20:28:30.853,6.69638,6.69903,1.10,1.50
2010.11.08 20:28:31.072,6.69638,6.69912,1.10,1.50
2010.11.08 20:28:32.483,6.69655,6.69912,2.50,1.50
2010.11.08 20:28:34.971,6.69655,6.69912,2.50,1.50
2010.11.08 20:28:35.086,6.69655,6.69912,2.50,1.50
2010.11.08 20:28:39.558,6.69655,6.69912,2.50,1.50
2010.11.08 20:28:40.183,6.69655,6.69912,2.50,1.50
2010.11.08 20:28:42.639,6.69637,6.69912,2.50,1.50
2010.11.08 20:28:45.718,6.69641,6.69912,2.30,1.50
2010.11.08 20:28:47.805,6.69641,6.69912,2.30,1.50
2010.11.08 20:28:49.825,6.69641,6.69912,2.30,1.50
2010.11.08 20:28:52.235,6.69641,6.69912,2.30,1.50
2010.11.08 20:28:54.272,6.69641,6.69912,2.30,1.50
2010.11.08 20:28:55.624,6.69648,6.69912,1.10,1.50
2010.11.08 20:28:55.739,6.69655,6.69912,2.50,1.50
2010.11.08 20:28:58.884,6.69655,6.69912,2.50,1.50
2010.11.08 20:28:59.067,6.69655,6.69912,2.50,1.50
2010.11.08 20:28:59.665,6.69707,6.69964,1.20,1.50
2010.11.08 20:28:59.775,6.69707,6.69979,1.20,1.50
2010.11.08 20:28:59.886,6.69698,6.69966,6.20,1.50
2010.11.08 20:29:02.165,6.69694,6.69966,2.50,1.50
2010.11.08 20:29:02.575,6.69694,6.69833,2.50,4.50
2010.11.08 20:29:03.124,6.69689,6.69833,6.00,4.50
2010.11.08 20:29:03.453,6.69677,6.6999,1.10,1.50
2010.11.08 20:29:05.541,6.69677,6.6995,1.10,1.50
2010.11.08 20:29:08.124,6.69677,6.6995,1.10,1.50
2010.11.08 20:29:08.817,6.69697,6.69957,1.10,1.50
2010.11.08 20:29:09.262,6.69697,6.69957,1.10,1.50
2010.11.08 20:29:09.484,6.69697,6.69833,1.10,4.50
2010.11.08 20:29:14.289,6.69697,6.69793,1.10,4.50
2010.11.08 20:29:14.513,6.69738,6.69997,2.50,1.50
2010.11.08 20:29:15.010,6.69738,6.70019,2.50,2.30
2010.11.08 20:29:15.132,6.69748,6.70054,1.10,1.50
2010.11.08 20:29:15.574,6.69748,6.69883,1.10,4.50
2010.11.08 20:29:17.445,6.69748,6.69793,1.10,4.50
2010.11.08 20:29:17.568,6.69738,6.69793,1.20,4.50
2010.11.08 20:29:17.682,6.69748,6.70054,1.10,1.50
2010.11.08 20:29:18.672,6.69737,6.70054,2.80,1.50
2010.11.08 20:29:18.894,6.69737,6.70004,1.10,1.50
2010.11.08 20:29:23.376,6.69737,6.70002,1.10,2.30
2010.11.08 20:29:25.797,6.69721,6.70002,1.40,3.20
2010.11.08 20:29:25.918,6.69678,6.69955,1.10,2.30
2010.11.08 20:29:28.280,6.69678,6.69955,1.10,2.40
2010.11.08 20:29:30.361,6.69678,6.69955,1.10,2.40
2010.11.08 20:29:31.291,6.69667,6.69945,1.20,2.30
2010.11.08 20:29:34.232,6.69667,6.69945,1.20,2.30
2010.11.08 20:29:34.351,6.69667,6.69954,1.20,2.40
2010.11.08 20:29:36.473,6.69667,6.69954,1.20,2.40
2010.11.08 20:29:39.392,6.69667,6.69954,1.20,2.40
2010.11.08 20:29:40.625,6.69657,6.69954,1.40,6.10
2010.11.08 20:29:42.588,6.69655,6.69936,2.50,2.10
2010.11.08 20:29:42.708,6.69655,6.69915,2.50,1.50
2010.11.08 20:29:47.869,6.69667,6.69931,1.10,1.50
2010.11.08 20:29:49.526,6.69667,6.69931,1.10,1.50
2010.11.08 20:29:50.170,6.69627,6.69915,1.20,4.00
2010.11.08 20:29:50.944,6.69637,6.69907,1.10,2.30
2010.11.08 20:29:52.951,6.69637,6.69907,1.10,2.30
2010.11.08 20:29:55.004,6.69637,6.69907,1.10,2.30
2010.11.08 20:29:55.111,6.69637,6.69907,1.10,2.30
2010.11.08 20:29:56.094,6.69648,6.69922,1.10,1.70
2010.11.08 20:29:56.426,6.69668,6.69938,1.10,1.50
2010.11.08 20:29:56.863,6.69658,6.69938,1.10,1.70
2010.11.08 20:29:58.843,6.69667,6.69938,1.10,1.50
2010.11.08 20:30:01.230,6.69677,6.69938,1.10,1.50
2010.11.08 20:30:01.804,6.6965,6.69938,6.60,4.60
2010.11.08 20:30:02.024,6.69658,6.69929,1.10,1.50
2010.11.08 20:30:02.822,6.69658,6.69927,1.10,1.50
2010.11.08 20:30:02.937,6.69658,6.6994,1.10,1.80
2010.11.08 20:30:03.493,6.69658,6.69733,1.10,4.50
2010.11.08 20:30:03.891,6.69658,6.69968,1.10,1.50
2010.11.08 20:30:04.007,6.69678,6.69982,1.10,2.30
2010.11.08 20:30:04.453,6.69678,6.69733,1.10,4.50
2010.11.08 20:30:06.499,6.69674,6.69988,2.50,2.30
2010.11.08 20:30:07.138,6.69658,6.69971,1.10,3.00
2010.11.08 20:30:07.472,6.69658,6.69733,1.10,4.50
2010.11.08 20:30:09.585,6.69657,6.69922,1.10,5.30
2010.11.08 20:30:11.760,6.69657,6.69922,1.10,5.30
2010.11.08 20:30:12.377,6.69655,6.69693,1.10,4.50
2010.11.08 20:30:13.544,6.69655,6.6997,1.10,3.00
2010.11.08 20:30:15.612,6.69655,6.6993,1.10,3.00
2010.11.08 20:30:17.364,6.69648,6.69927,1.90,1.10
2010.11.08 20:30:17.899,6.69698,6.6995,1.10,2.30
2010.11.08 20:30:18.016,6.69698,6.69967,1.10,1.50
2010.11.08 20:30:18.452,6.69689,6.69954,2.40,1.50
2010.11.08 20:30:18.569,6.69698,6.69954,1.10,2.30
2010.11.08 20:30:18.684,6.69698,6.69967,1.10,1.50
2010.11.08 20:30:19.505,6.69684,6.69951,1.10,1.50
2010.11.08 20:30:19.614,6.69667,6.69951,1.10,4.70
2010.11.08 20:30:20.274,6.69687,6.69961,1.10,1.50
2010.11.08 20:30:20.978,6.69698,6.6999,3.20,3.20
2010.11.08 20:30:21.095,6.69703,6.69973,1.10,2.30
2010.11.08 20:30:21.533,6.69703,6.69973,1.10,2.30
2010.11.08 20:30:21.754,6.69703,6.69959,1.10,2.30
2010.11.08 20:30:22.203,6.69679,6.69971,2.70,1.50
2010.11.08 20:30:22.316,6.69698,6.69954,1.10,3.00
2010.11.08 20:30:22.644,6.69703,6.69964,1.30,1.50
2010.11.08 20:30:22.883,6.69703,6.69972,1.30,2.30
2010.11.08 20:30:24.906,6.69703,6.69972,1.30,2.30
2010.11.08 20:30:26.093,6.69703,6.69962,1.30,1.50
2010.11.08 20:30:28.123,6.69703,6.69962,1.10,1.50
2010.11.08 20:30:28.954,6.69698,6.69973,1.10,2.30
2010.11.08 20:30:29.991,6.69678,6.69959,1.40,1.50
2010.11.08 20:30:30.215,6.69679,6.69972,6.60,2.00
2010.11.08 20:30:31.575,6.69703,6.69984,1.30,2.40
2010.11.08 20:30:34.496,6.69703,6.69969,1.30,2.30
2010.11.08 20:30:34.936,6.69703,6.69969,1.30,2.30
2010.11.08 20:30:35.154,6.69697,6.69968,1.10,1.50
2010.11.08 20:30:37.564,6.69697,6.69968,1.10,1.50
2010.11.08 20:30:37.894,6.69708,6.69968,1.10,1.50
2010.11.08 20:30:38.004,6.69708,6.69978,1.10,2.30
2010.11.08 20:30:38.506,6.69748,6.69982,1.10,1.50
2010.11.08 20:30:38.622,6.69751,6.70012,2.30,1.50
2010.11.08 20:30:41.006,6.69751,6.70013,2.40,1.50
2010.11.08 20:30:42.167,6.69732,6.70012,2.70,2.30
2010.11.08 20:30:44.384,6.69732,6.70002,2.70,2.30
2010.11.08 20:30:44.974,6.69727,6.70003,1.10,3.10
2010.11.08 20:30:46.802,6.69718,6.70003,2.30,3.10
2010.11.08 20:30:46.914,6.69697,6.69985,6.60,4.00
2010.11.08 20:30:48.001,6.69688,6.69972,1.10,4.90
2010.11.08 20:30:48.113,6.69698,6.69972,1.10,2.40
2010.11.08 20:30:48.663,6.69688,6.69972,1.10,4.90
2010.11.08 20:30:49.591,6.69697,6.69972,1.10,2.30
2010.11.08 20:30:49.934,6.69679,6.69959,2.70,1.50
2010.11.08 20:30:50.044,6.69697,6.69959,1.10,1.50
2010.11.08 20:30:50.375,6.69698,6.69965,1.10,1.50
2010.11.08 20:30:51.118,6.69722,6.69985,1.10,1.50
2010.11.08 20:30:51.234,6.69718,6.69985,1.10,1.50
2010.11.08 20:30:52.063,6.69708,6.69985,1.10,1.50
2010.11.08 20:30:52.641,6.69698,6.69971,3.20,2.30
2010.11.08 20:30:54.621,6.69697,6.69971,1.10,2.30
2010.11.08 20:30:56.780,6.69708,6.69971,1.10,2.30
2010.11.08 20:30:57.457,6.69703,6.69979,1.10,1.50
2010.11.08 20:30:57.568,6.69727,6.69988,1.10,1.50
2010.11.08 20:30:58.015,6.69727,6.69988,1.10,1.50
2010.11.08 20:31:00.300,6.69727,6.69988,1.10,1.50
2010.11.08 20:31:02.841,6.69727,6.69988,1.10,1.50
2010.11.08 20:31:03.381,6.69718,6.69973,1.10,2.30
2010.11.08 20:31:03.602,6.69708,6.69973,2.80,2.30
2010.11.08 20:31:05.683,6.69707,6.69973,1.10,2.30
2010.11.08 20:31:07.824,6.69703,6.69973,1.10,2.30
2010.11.08 20:31:09.851,6.69698,6.69973,2.30,2.30
2010.11.08 20:31:12.123,6.69703,6.69973,1.10,2.30
2010.11.08 20:31:14.568,6.69703,6.69973,1.10,2.30
2010.11.08 20:31:16.799,6.69703,6.69973,1.10,2.30
2010.11.08 20:31:16.914,6.69679,6.69973,2.70,2.40
2010.11.08 20:31:17.025,6.69684,6.69957,6.20,1.50
2010.11.08 20:31:19.330,6.69684,6.69954,2.50,3.00
2010.11.08 20:31:20.612,6.69693,6.69954,1.10,3.00
2010.11.08 20:31:24.591,6.69693,6.69954,1.10,3.00
2010.11.08 20:31:25.714,6.69687,6.69954,1.10,3.00
2010.11.08 20:31:27.223,6.69668,6.69951,1.10,4.70
2010.11.08 20:31:28.186,6.69688,6.69949,1.10,1.50
2010.11.08 20:31:29.185,6.69678,6.69949,1.10,1.50
2010.11.08 20:31:30.006,6.69678,6.6994,1.10,1.50
2010.11.08 20:31:32.054,6.69678,6.6994,1.10,1.50
2010.11.08 20:31:34.056,6.69678,6.6994,1.10,1.50
2010.11.08 20:31:35.505,6.69705,6.6994,3.20,1.50
2010.11.08 20:31:35.613,6.69705,6.69971,3.20,1.50
2010.11.08 20:31:36.143,6.69827,6.70134,3.20,1.50
2010.11.08 20:31:36.703,6.69827,6.70134,2.50,1.50
2010.11.08 20:31:39.096,6.69847,6.70114,2.50,1.50
2010.11.08 20:31:41.114,6.69842,6.70114,2.50,1.50
2010.11.08 20:31:43.202,6.69839,6.70114,2.50,1.50
2010.11.08 20:31:45.283,6.69839,6.70114,2.50,1.50
2010.11.08 20:31:47.352,6.69839,6.70114,2.50,1.50
2010.11.08 20:31:47.682,6.69839,6.7001,2.30,1.50
2010.11.08 20:31:47.794,6.69757,6.7001,1.40,1.50
2010.11.08 20:31:48.014,6.69748,6.7001,2.40,1.50
2010.11.08 20:31:50.203,6.69742,6.6999,1.30,1.50
2010.11.08 20:31:52.217,6.69742,6.6999,1.30,1.50
2010.11.08 20:31:52.554,6.69758,6.6999,1.10,1.50
2010.11.08 20:31:54.647,6.69758,6.6999,1.10,1.50
2010.11.08 20:31:56.691,6.69758,6.6999,1.10,1.50
2010.11.08 20:31:58.816,6.69758,6.6999,1.10,1.50
2010.11.08 20:32:00.877,6.69748,6.6999,1.10,1.50
2010.11.08 20:32:01.216,6.69733,6.69947,3.20,1.50
2010.11.08 20:32:01.326,6.69731,6.69947,1.40,1.50
2010.11.08 20:32:01.838,6.69677,6.69942,1.10,1.50
2010.11.08 20:32:02.393,6.69678,6.69942,1.10,1.50
2010.11.08 20:32:04.781,6.69677,6.69942,1.10,1.50
2010.11.08 20:32:06.842,6.69677,6.69942,1.10,1.50
2010.11.08 20:32:06.955,6.69677,6.69932,1.10,1.50
2010.11.08 20:32:08.984,6.69687,6.69932,1.10,1.50
2010.11.08 20:32:11.061,6.69677,6.69932,1.10,1.50
2010.11.08 20:32:13.085,6.69688,6.69932,1.10,1.50
2010.11.08 20:32:17.778,6.69688,6.69932,1.10,1.50
2010.11.08 20:32:20.087,6.69688,6.69932,1.10,1.50
2010.11.08 20:32:22.152,6.69673,6.69932,1.30,1.50
2010.11.08 20:32:22.264,6.69673,6.69914,1.30,1.50
2010.11.08 20:32:24.248,6.69667,6.69914,1.10,1.50
2010.11.08 20:32:26.323,6.69667,6.69914,1.10,1.50
2010.11.08 20:32:28.377,6.69667,6.69914,1.10,1.50
2010.11.08 20:32:30.383,6.69657,6.69914,1.10,1.50
2010.11.08 20:32:32.477,6.69668,6.69914,1.10,1.50
2010.11.08 20:32:34.503,6.69668,6.69914,1.10,1.50
2010.11.08 20:32:36.571,6.69668,6.69914,1.10,1.50
2010.11.08 20:32:37.733,6.69688,6.69914,1.10,1.50
2010.11.08 20:32:38.145,6.69692,6.69922,2.90,2.30
2010.11.08 20:32:38.256,6.69698,6.69942,1.10,1.50
2010.11.08 20:32:38.473,6.69698,6.69953,1.10,1.50
2010.11.08 20:32:40.590,6.69688,6.69954,1.40,1.50
2010.11.08 20:32:40.853,6.69688,6.69943,1.40,1.50
2010.11.08 20:32:43.028,6.69688,6.69946,1.40,1.50
2010.11.08 20:32:46.707,6.69688,6.69946,1.40,1.50
2010.11.08 20:32:48.801,6.69688,6.69946,1.40,1.50
2010.11.08 20:32:50.206,6.69688,6.69934,1.40,1.50
2010.11.08 20:32:53.884,6.69688,6.69934,1.40,1.50
2010.11.08 20:32:56.441,6.69688,6.69934,1.40,1.50
2010.11.08 20:32:58.776,6.69677,6.69934,1.40,1.50
2010.11.08 20:33:01.856,6.69677,6.69934,1.40,1.50
2010.11.08 20:33:04.496,6.69677,6.69934,1.40,1.50
2010.11.08 20:33:06.189,6.69677,6.69934,1.40,1.50
2010.11.08 20:33:08.340,6.69677,6.69934,1.10,1.50
2010.11.08 20:33:10.283,6.69677,6.69934,1.10,1.50
2010.11.08 20:33:12.808,6.69677,6.69934,1.10,1.50
2010.11.08 20:33:14.930,6.69677,6.69934,1.10,1.50
2010.11.08 20:33:17.347,6.69677,6.69934,1.10,1.50
2010.11.08 20:33:19.499,6.69677,6.69934,1.10,1.50
2010.11.08 20:33:21.662,6.69677,6.69929,1.10,1.50
2010.11.08 20:33:24.294,6.69677,6.69929,1.10,1.50
2010.11.08 20:33:27.557,6.69677,6.69929,1.10,1.50
2010.11.08 20:33:28.596,6.69677,6.6992,1.10,1.50
2010.11.08 20:33:28.703,6.69675,6.6992,1.10,1.50
2010.11.08 20:33:29.207,6.69675,6.69869,1.10,1.50
2010.11.08 20:33:31.224,6.69675,6.69861,1.10,1.50
2010.11.08 20:33:31.332,6.69675,6.69869,1.10,1.50
2010.11.08 20:33:33.961,6.69675,6.69868,1.10,1.50
2010.11.08 20:33:36.150,6.69675,6.69868,1.10,1.50
2010.11.08 20:33:37.027,6.69677,6.69868,1.10,1.50
2010.11.08 20:33:37.136,6.69678,6.69905,1.10,1.50
2010.11.08 20:33:39.976,6.69707,6.6991,1.10,1.50
2010.11.08 20:33:40.315,6.69707,6.6991,1.10,1.50
2010.11.08 20:33:41.867,6.69678,6.69898,1.10,1.50
2010.11.08 20:33:42.192,6.69678,6.69888,1.10,1.50
2010.11.08 20:33:44.486,6.69678,6.69888,1.10,1.50
2010.11.08 20:33:45.854,6.69688,6.69888,1.10,1.50
2010.11.08 20:33:45.977,6.69707,6.69901,1.10,1.50
2010.11.08 20:33:46.084,6.69707,6.69913,1.10,1.50
2010.11.08 20:33:46.413,6.69707,6.69913,1.10,1.50
2010.11.08 20:33:46.978,6.69708,6.69902,1.10,1.50
2010.11.08 20:33:48.741,6.69708,6.69902,1.10,1.50
2010.11.08 20:33:49.723,6.69698,6.69902,1.10,1.50
2010.11.08 20:33:51.223,6.69698,6.69902,1.10,1.50
2010.11.08 20:33:53.222,6.69698,6.69902,1.10,1.50
2010.11.08 20:33:56.607,6.69698,6.69902,1.10,1.50
2010.11.08 20:33:57.543,6.69698,6.69902,1.10,1.50
2010.11.08 20:33:59.414,6.69698,6.69902,1.40,1.50
2010.11.08 20:34:00.494,6.69687,6.69902,1.10,1.50
2010.11.08 20:34:01.189,6.69687,6.69901,1.20,1.50
2010.11.08 20:34:02.604,6.69687,6.69901,1.20,1.50
2010.11.08 20:34:03.228,6.69677,6.69895,1.20,1.50
2010.11.08 20:34:05.662,6.69677,6.69895,1.20,1.50
2010.11.08 20:34:09.349,6.69677,6.69895,1.20,1.50
2010.11.08 20:34:09.817,6.69677,6.69886,1.20,1.50
2010.11.08 20:34:12.160,6.69678,6.69886,1.40,1.50
2010.11.08 20:34:14.366,6.69678,6.69886,1.40,1.50
2010.11.08 20:34:18.172,6.69678,6.69886,1.40,1.50
2010.11.08 20:34:20.669,6.69678,6.69886,1.40,1.50
2010.11.08 20:34:21.774,6.69678,6.69886,1.40,1.50
2010.11.08 20:34:21.884,6.69678,6.69877,1.10,1.50
2010.11.08 20:34:22.317,6.69678,6.69886,1.10,1.50
2010.11.08 20:34:22.876,6.69657,6.69873,1.20,1.50
2010.11.08 20:34:22.984,6.69657,6.69873,1.10,1.50
2010.11.08 20:34:25.055,6.69657,6.69873,1.10,1.50
2010.11.08 20:34:26.119,6.69691,6.70013,3.20,2.30
2010.11.08 20:34:27.324,6.69691,6.69993,2.50,2.30
2010.11.08 20:34:29.785,6.69711,6.69993,2.50,2.30
2010.11.08 20:34:30.005,6.69802,6.70025,2.30,1.50
2010.11.08 20:34:30.119,6.69827,6.70046,2.30,1.50
2010.11.08 20:34:30.768,6.69816,6.70035,2.30,1.50
2010.11.08 20:34:31.323,6.69816,6.70029,2.30,1.50
2010.11.08 20:34:34.030,6.69816,6.70029,2.30,1.50
2010.11.08 20:34:36.067,6.69812,6.70029,2.30,1.50
2010.11.08 20:34:39.135,6.69812,6.70029,2.30,1.50
2010.11.08 20:34:41.003,6.69812,6.7005,2.50,1.50
2010.11.08 20:34:41.113,6.69851,6.7005,2.30,1.50
2010.11.08 20:34:41.223,6.69851,6.70067,2.30,1.50
2010.11.08 20:34:44.106,6.69851,6.70067,2.30,1.50
2010.11.08 20:34:45.135,6.69851,6.70067,2.50,1.50
2010.11.08 20:34:45.242,6.69851,6.70089,2.50,1.50
2010.11.08 20:34:45.355,6.69864,6.70089,2.30,1.50
2010.11.08 20:34:45.794,6.69859,6.70074,2.30,1.50
2010.11.08 20:34:45.904,6.69841,6.70074,2.30,1.50
2010.11.08 20:34:46.017,6.69846,6.70063,2.30,1.50
2010.11.08 20:34:46.424,6.69846,6.70078,2.30,1.50
2010.11.08 20:34:46.537,6.69864,6.70071,2.30,1.50
2010.11.08 20:34:46.656,6.69851,6.70071,2.30,1.50
2010.11.08 20:34:46.766,6.69851,6.70059,2.30,1.50
2010.11.08 20:34:47.093,6.69841,6.70059,2.30,1.50
2010.11.08 20:34:47.944,6.6985,6.70059,2.30,1.50
2010.11.08 20:34:48.053,6.69835,6.70059,2.30,1.50
2010.11.08 20:34:48.162,6.69826,6.70059,2.50,1.50
2010.11.08 20:34:48.273,6.69851,6.70059,2.30,1.50
2010.11.08 20:34:48.865,6.69826,6.70058,2.30,1.50
2010.11.08 20:34:49.483,6.69826,6.70058,2.50,1.50
2010.11.08 20:34:51.597,6.69826,6.70058,2.50,1.50
2010.11.08 20:34:51.835,6.69802,6.70006,2.50,1.50
2010.11.08 20:34:51.946,6.69787,6.7001,3.20,1.50
2010.11.08 20:34:52.163,6.69801,6.70017,2.50,1.50
2010.11.08 20:34:54.277,6.69801,6.70017,2.50,1.50
2010.11.08 20:34:55.913,6.69801,6.70017,3.20,1.50
2010.11.08 20:34:56.140,6.69835,6.70051,2.50,1.50
2010.11.08 20:34:56.648,6.69826,6.70044,2.50,1.50
2010.11.08 20:34:58.724,6.69822,6.70044,2.30,1.50
2010.11.08 20:34:59.735,6.69835,6.70044,2.30,1.50
2010.11.08 20:34:59.957,6.69826,6.70056,2.30,1.50
2010.11.08 20:35:00.466,6.6985,6.70056,2.30,1.50
2010.11.08 20:35:00.573,6.6985,6.70064,2.30,1.50
2010.11.08 20:35:02.634,6.6985,6.70064,2.30,1.50
2010.11.08 20:35:03.295,6.69826,6.70057,2.30,1.50
2010.11.08 20:35:05.025,6.69826,6.70038,2.30,1.50
2010.11.08 20:35:05.146,6.69781,6.70038,2.30,1.50
2010.11.08 20:35:05.612,6.69778,6.70029,2.30,1.50
2010.11.08 20:35:05.845,6.69851,6.70064,2.30,1.50
2010.11.08 20:35:06.873,6.69763,6.69985,7.90,1.50
2010.11.08 20:35:06.984,6.69763,6.69985,5.90,1.50
2010.11.08 20:35:09.082,6.69763,6.69985,6.10,1.50
2010.11.08 20:35:11.122,6.69763,6.69985,5.90,1.50
2010.11.08 20:35:13.462,6.69763,6.69985,6.50,1.50
2010.11.08 20:35:14.794,6.69763,6.69998,6.50,1.50
2010.11.08 20:35:15.565,6.69763,6.69983,6.50,1.50
2010.11.08 20:35:15.893,6.69778,6.69983,1.10,1.50
2010.11.08 20:35:16.112,6.69758,6.69983,1.10,1.50
2010.11.08 20:35:16.446,6.69758,6.69969,1.10,1.50
2010.11.08 20:35:16.977,6.69758,6.69983,1.10,1.50
2010.11.08 20:35:17.091,6.69758,6.69969,1.10,1.50
2010.11.08 20:35:17.204,6.69758,6.69981,1.10,1.50
2010.11.08 20:35:17.424,6.69744,6.69981,2.50,1.50
2010.11.08 20:35:17.536,6.69744,6.69969,2.50,1.50
2010.11.08 20:35:17.864,6.69749,6.69981,2.30,1.50
2010.11.08 20:35:17.974,6.69749,6.69965,2.30,1.50
2010.11.08 20:35:18.542,6.69758,6.69977,1.10,1.50
2010.11.08 20:35:20.773,6.69758,6.69977,1.10,1.50
2010.11.08 20:35:22.823,6.69758,6.69977,2.50,1.50
2010.11.08 20:35:25.041,6.69758,6.69977,2.50,1.50
2010.11.08 20:35:27.288,6.69758,6.69977,2.50,1.50
2010.11.08 20:35:30.186,6.69758,6.69966,2.50,1.50
2010.11.08 20:35:31.744,6.69757,6.69966,1.10,1.50
2010.11.08 20:35:31.967,6.69827,6.69992,1.10,1.50
2010.11.08 20:35:32.086,6.69831,6.70024,2.70,1.50
2010.11.08 20:35:32.194,6.69831,6.70037,2.70,1.50
2010.11.08 20:35:32.789,6.69827,6.70045,3.30,1.50
2010.11.08 20:35:32.906,6.69827,6.70045,2.50,1.50
2010.11.08 20:35:33.015,6.69808,6.70027,1.10,1.50
2010.11.08 20:35:33.564,6.69807,6.70016,1.10,1.50
2010.11.08 20:35:34.835,6.69826,6.70016,1.10,1.50
2010.11.08 20:35:35.316,6.69826,6.7003,1.10,1.50
2010.11.08 20:35:35.430,6.69802,6.7003,2.40,1.50
2010.11.08 20:35:35.984,6.69798,6.70023,1.10,1.50
2010.11.08 20:35:36.314,6.69826,6.70023,1.10,1.50
2010.11.08 20:35:36.926,6.69826,6.70032,2.80,1.50
2010.11.08 20:35:37.033,6.69835,6.70032,1.10,1.50
2010.11.08 20:35:37.254,6.69808,6.70032,6.10,1.50
2010.11.08 20:35:37.366,6.69808,6.69983,2.30,1.50
2010.11.08 20:35:37.476,6.69758,6.69975,1.10,1.50
2010.11.08 20:35:39.817,6.69743,6.69975,1.30,1.50
2010.11.08 20:35:39.940,6.69705,6.6994,1.10,1.50
2010.11.08 20:35:40.274,6.69707,6.6994,1.10,1.50
2010.11.08 20:35:40.732,6.69707,6.6995,1.20,1.50
2010.11.08 20:35:40.847,6.69728,6.6995,1.10,1.50
2010.11.08 20:35:43.051,6.69728,6.6995,1.10,1.50
2010.11.08 20:35:45.166,6.69728,6.6995,1.10,1.50
2010.11.08 20:35:47.262,6.69727,6.6995,1.10,1.50
2010.11.08 20:35:50.198,6.69727,6.6995,1.10,1.50
2010.11.08 20:35:53.760,6.69718,6.6995,1.10,1.50
2010.11.08 20:35:55.853,6.69738,6.6995,1.10,1.50
2010.11.08 20:35:56.874,6.69723,6.6995,1.10,2.30
2010.11.08 20:35:57.000,6.69668,6.6988,1.10,1.50
2010.11.08 20:35:58.008,6.69667,6.6988,2.80,1.50
2010.11.08 20:35:59.476,6.69662,6.6987,3.20,1.50
2010.11.08 20:35:59.972,6.69662,6.69877,1.30,1.50
2010.11.08 20:36:01.699,6.69692,6.69906,3.20,1.50
2010.11.08 20:36:01.815,6.69692,6.69906,2.80,1.50
2010.11.08 20:36:01.927,6.69662,6.69883,2.70,1.50
2010.11.08 20:36:02.763,6.69662,6.69868,1.10,1.50
2010.11.08 20:36:02.877,6.69662,6.6988,1.10,1.50
2010.11.08 20:36:04.284,6.69643,6.69878,2.60,1.50
2010.11.08 20:36:04.505,6.69638,6.69865,2.30,1.50
2010.11.08 20:36:06.264,6.69648,6.69875,2.30,1.50
2010.11.08 20:36:06.670,6.69648,6.69866,2.30,1.50
2010.11.08 20:36:06.793,6.69648,6.69874,2.30,1.50
2010.11.08 20:36:06.904,6.69657,6.69874,1.10,1.50
2010.11.08 20:36:07.324,6.69657,6.69874,1.10,1.50
2010.11.08 20:36:07.933,6.69657,6.69874,1.10,1.50
2010.11.08 20:36:08.157,6.69677,6.69892,1.10,1.50
2010.11.08 20:36:08.277,6.69667,6.69881,1.10,1.50
2010.11.08 20:36:08.496,6.69667,6.69881,1.10,1.50
2010.11.08 20:36:10.661,6.69658,6.69881,1.10,1.50
2010.11.08 20:36:12.532,6.69672,6.69906,1.30,1.50
2010.11.08 20:36:12.647,6.69692,6.69906,1.30,1.50
2010.11.08 20:36:12.764,6.69692,6.69906,1.30,1.50
2010.11.08 20:36:12.874,6.69668,6.69885,3.30,1.50
2010.11.08 20:36:14.913,6.69667,6.69885,2.80,1.50
2010.11.08 20:36:17.238,6.69662,6.69885,3.20,1.50
2010.11.08 20:36:17.467,6.69686,6.69898,1.10,1.50
2010.11.08 20:36:17.695,6.69668,6.69898,6.50,1.50
2010.11.08 20:36:17.804,6.69663,6.69885,1.30,1.50
2010.11.08 20:36:17.916,6.69663,6.69899,1.30,1.50
2010.11.08 20:36:18.676,6.69663,6.69919,1.30,1.50
2010.11.08 20:36:19.677,6.69678,6.69929,1.20,1.50
2010.11.08 20:36:20.658,6.69668,6.69917,1.10,1.50
2010.11.08 20:36:20.776,6.69653,6.69917,1.10,1.50
2010.11.08 20:36:20.996,6.69625,6.69884,6.40,1.50
2010.11.08 20:36:21.905,6.69618,6.69873,1.10,1.50
2010.11.08 20:36:24.482,6.69614,6.69873,1.10,1.50
2010.11.08 20:36:26.681,6.6961,6.69873,6.10,1.50
2010.11.08 20:36:28.734,6.6961,6.6989,6.20,1.50
2010.11.08 20:36:28.847,6.69628,6.6989,1.20,1.50
2010.11.08 20:36:29.175,6.69619,6.69883,6.00,1.50
2010.11.08 20:36:29.505,6.69628,6.69883,1.10,1.50
2010.11.08 20:36:30.032,6.69619,6.69883,6.00,1.50
2010.11.08 20:36:31.430,6.69614,6.69876,2.60,1.50
2010.11.08 20:36:32.665,6.69614,6.6985,1.10,1.50
2010.11.08 20:36:35.011,6.69614,6.6985,1.10,1.50
2010.11.08 20:36:35.244,6.69605,6.6985,6.40,1.50
2010.11.08 20:36:35.835,6.69605,6.69828,2.50,1.50
2010.11.08 20:36:37.177,6.69598,6.69828,1.10,1.50
2010.11.08 20:36:40.193,6.69604,6.69828,1.10,1.50
2010.11.08 20:36:42.458,6.69608,6.69828,1.10,1.50
2010.11.08 20:36:43.326,6.69608,6.69835,1.10,1.50
2010.11.08 20:36:44.875,6.69608,6.69842,1.10,1.50
2010.11.08 20:36:46.977,6.69608,6.69842,1.10,1.50
2010.11.08 20:36:49.401,6.69608,6.69842,1.10,1.50
2010.11.08 20:36:49.513,6.69608,6.69831,1.10,1.50
2010.11.08 20:36:50.925,6.69608,6.69831,1.10,1.50
2010.11.08 20:36:51.035,6.69627,6.69849,1.40,1.50
2010.11.08 20:36:51.484,6.69637,6.69857,1.10,1.50
2010.11.08 20:36:51.596,6.69618,6.69857,1.10,1.50
2010.11.08 20:36:52.699,6.69618,6.6985,1.10,1.50
2010.11.08 20:36:54.966,6.69618,6.6985,1.10,1.50
2010.11.08 20:36:58.474,6.69618,6.6985,1.10,1.50
2010.11.08 20:37:00.738,6.69618,6.6985,1.10,1.50
2010.11.08 20:37:03.263,6.69618,6.69851,1.10,1.50
2010.11.08 20:37:03.482,6.69618,6.69851,1.10,1.50
2010.11.08 20:37:03.815,6.69614,6.69856,6.50,1.50
2010.11.08 20:37:03.926,6.69595,6.69827,2.50,1.50
2010.11.08 20:37:04.406,6.69583,6.6977,1.20,1.50
2010.11.08 20:37:04.518,6.69571,6.69789,2.40,1.50
2010.11.08 20:37:04.744,6.69571,6.69798,2.30,1.50
2010.11.08 20:37:05.726,6.69571,6.69786,2.30,1.50
2010.11.08 20:37:06.165,6.69571,6.69795,2.30,1.50
2010.11.08 20:37:07.356,6.69588,6.69795,1.10,1.50
2010.11.08 20:37:07.575,6.69577,6.69795,1.10,1.50
2010.11.08 20:37:07.794,6.69577,6.69785,1.10,1.50
2010.11.08 20:37:08.538,6.69557,6.69815,1.20,1.50
2010.11.08 20:37:08.657,6.69547,6.69815,2.70,1.50
2010.11.08 20:37:08.764,6.69547,6.698,2.70,1.50
2010.11.08 20:37:10.156,6.69556,6.698,1.10,1.50
2010.11.08 20:37:10.988,6.69557,6.698,1.10,1.50
2010.11.08 20:37:13.177,6.69557,6.69799,1.10,1.50
2010.11.08 20:37:15.256,6.69561,6.69799,2.40,1.50
2010.11.08 20:37:16.854,6.69577,6.69815,1.10,1.50
2010.11.08 20:37:17.296,6.69577,6.69825,1.10,1.50
2010.11.08 20:37:19.342,6.69577,6.69825,1.10,1.50
2010.11.08 20:37:19.769,6.69571,6.69825,2.30,1.50
2010.11.08 20:37:20.142,6.69557,6.69825,1.10,1.50
2010.11.08 20:37:20.253,6.69577,6.69805,1.10,1.50
2010.11.08 20:37:20.364,6.69577,6.69818,1.10,1.50
2010.11.08 20:37:21.136,6.69576,6.69818,2.50,1.50
2010.11.08 20:37:21.356,6.69576,6.69806,2.50,1.50
2010.11.08 20:37:23.464,6.69576,6.69805,1.10,1.50
2010.11.08 20:37:23.574,6.69552,6.69796,2.90,1.50
2010.11.08 20:37:24.066,6.69552,6.69789,2.70,1.50
2010.11.08 20:37:24.177,6.69561,6.69798,2.30,1.50
2010.11.08 20:37:26.187,6.69561,6.69798,2.30,1.50
2010.11.08 20:37:28.638,6.69561,6.69794,2.30,1.50
2010.11.08 20:37:31.896,6.69561,6.69794,2.30,1.50
2010.11.08 20:37:34.671,6.69561,6.69794,2.30,1.50
2010.11.08 20:37:34.786,6.69568,6.69794,1.10,1.50
2010.11.08 20:37:34.898,6.69588,6.69809,1.10,1.50
2010.11.08 20:37:35.016,6.69585,6.698,1.10,1.50
2010.11.08 20:37:35.490,6.69585,6.6981,1.10,1.50
2010.11.08 20:37:35.608,6.69576,6.6981,1.10,1.50
2010.11.08 20:37:36.164,6.69552,6.6981,2.70,1.50
2010.11.08 20:37:36.276,6.69556,6.69801,2.50,1.50
2010.11.08 20:37:36.605,6.69577,6.69801,1.10,1.50
2010.11.08 20:37:37.354,6.69577,6.69804,1.10,1.50
2010.11.08 20:37:37.574,6.69587,6.69815,1.10,1.50
2010.11.08 20:37:38.043,6.69587,6.69822,1.10,1.50
2010.11.08 20:37:39.156,6.69585,6.69813,1.10,1.50
2010.11.08 20:37:41.169,6.69577,6.69813,1.10,1.50
2010.11.08 20:37:41.284,6.69577,6.69813,1.10,1.50
2010.11.08 20:37:41.395,6.69577,6.69821,1.10,1.50
2010.11.08 20:37:41.995,6.69577,6.6981,1.10,1.50
2010.11.08 20:37:42.107,6.69577,6.6981,1.10,1.50
2010.11.08 20:37:44.685,6.69576,6.6981,1.10,1.50
2010.11.08 20:37:44.795,6.69562,6.6979,1.30,1.50
2010.11.08 20:37:45.453,6.69552,6.69781,1.30,1.50
2010.11.08 20:37:45.803,6.69552,6.69781,1.30,1.50
2010.11.08 20:37:45.916,6.69552,6.69767,1.30,1.50
2010.11.08 20:37:47.083,6.69532,6.69778,1.10,1.50
2010.11.08 20:37:47.195,6.69532,6.69766,1.10,1.50
2010.11.08 20:37:47.526,6.69537,6.69778,1.10,1.50
2010.11.08 20:37:49.918,6.69537,6.69778,1.10,1.50
2010.11.08 20:37:50.034,6.69523,6.69778,2.50,1.50
2010.11.08 20:37:50.147,6.69519,6.69756,3.30,1.50
2010.11.08 20:37:51.476,6.69487,6.69745,1.10,1.50
2010.11.08 20:37:52.696,6.69508,6.69743,1.10,1.50
2010.11.08 20:37:54.803,6.69518,6.69743,1.10,1.50
2010.11.08 20:37:55.924,6.69518,6.69722,1.10,1.50
2010.11.08 20:37:56.974,6.69527,6.69722,1.10,1.50
2010.11.08 20:37:57.084,6.69548,6.69743,1.10,1.50
2010.11.08 20:37:57.724,6.69558,6.69754,1.10,1.50
2010.11.08 20:37:59.928,6.69568,6.69754,1.10,1.50
2010.11.08 20:38:02.016,6.69558,6.69754,1.10,1.50
2010.11.08 20:38:02.233,6.69547,6.6974,1.10,1.50
2010.11.08 20:38:02.343,6.69538,6.6974,1.10,1.50
2010.11.08 20:38:03.114,6.69527,6.69725,1.10,1.50
2010.11.08 20:38:03.334,6.69527,6.69738,1.10,1.50
2010.11.08 20:38:04.888,6.69523,6.69738,1.10,1.50
2010.11.08 20:38:07.524,6.69523,6.69738,1.10,1.50
2010.11.08 20:38:08.593,6.69537,6.69748,1.10,1.50
2010.11.08 20:38:10.614,6.69548,6.69748,1.10,1.50
2010.11.08 20:38:13.137,6.69548,6.69748,1.10,1.50
2010.11.08 20:38:13.971,6.69567,6.69764,1.10,1.50
2010.11.08 20:38:14.414,6.69548,6.69754,1.10,1.50
2010.11.08 20:38:16.437,6.69548,6.69754,1.10,1.50
2010.11.08 20:38:17.310,6.69548,6.69745,1.10,1.50
2010.11.08 20:38:17.648,6.69567,6.69745,1.10,1.50
2010.11.08 20:38:17.764,6.69567,6.6976,1.10,1.50
2010.11.08 20:38:17.877,6.69571,6.69774,2.30,1.50
2010.11.08 20:38:18.094,6.69571,6.69768,2.30,1.50
2010.11.08 20:38:20.340,6.69567,6.69768,1.10,1.50
2010.11.08 20:38:22.434,6.69537,6.69768,1.10,1.50
2010.11.08 20:38:22.654,6.69537,6.6974,1.10,1.50
2010.11.08 20:38:23.330,6.69527,6.6974,1.10,1.50
2010.11.08 20:38:25.377,6.69527,6.6974,1.10,1.50
2010.11.08 20:38:28.706,6.69527,6.6974,1.10,1.50
2010.11.08 20:38:28.965,6.69523,6.6974,1.10,1.50
2010.11.08 20:38:31.858,6.69518,6.6974,1.10,1.50
2010.11.08 20:38:32.460,6.69518,6.69751,1.10,1.50
2010.11.08 20:38:34.742,6.69518,6.69751,1.10,1.50
2010.11.08 20:38:37.004,6.69518,6.69751,1.10,1.50
2010.11.08 20:38:39.176,6.69518,6.69751,1.10,1.50
2010.11.08 20:38:41.328,6.69523,6.69751,1.10,1.50
2010.11.08 20:38:43.408,6.69523,6.69751,1.10,1.50
2010.11.08 20:38:45.460,6.69523,6.69751,1.10,1.50
2010.11.08 20:38:47.806,6.69523,6.69751,1.10,1.50
2010.11.08 20:38:47.913,6.69547,6.69751,2.50,1.50
2010.11.08 20:38:48.024,6.69547,6.69758,2.50,1.50
2010.11.08 20:38:48.137,6.69568,6.69769,1.10,1.50
2010.11.08 20:38:48.355,6.69568,6.69781,1.10,1.50
2010.11.08 20:38:50.613,6.69568,6.69781,1.10,1.50
2010.11.08 20:38:52.654,6.69568,6.69781,1.10,1.50
2010.11.08 20:38:55.063,6.69568,6.69781,1.10,1.50
2010.11.08 20:38:56.323,6.69548,6.69781,1.10,1.50
2010.11.08 20:38:56.433,6.69548,6.69772,1.10,1.50
2010.11.08 20:38:56.957,6.69547,6.69758,1.10,1.50
2010.11.08 20:38:59.182,6.69547,6.69758,1.10,1.50
2010.11.08 20:39:01.288,6.69547,6.69758,1.10,1.50
2010.11.08 20:39:03.655,6.69547,6.69758,1.10,1.50
2010.11.08 20:39:05.780,6.69538,6.69758,1.20,1.50
2010.11.08 20:39:07.842,6.69538,6.69758,1.20,1.50
2010.11.08 20:39:10.615,6.69538,6.69758,1.20,1.50
2010.11.08 20:39:12.685,6.69538,6.69758,1.20,1.50
2010.11.08 20:39:13.342,6.69547,6.69778,1.10,1.50
2010.11.08 20:39:14.763,6.69567,6.69788,1.10,1.50
2010.11.08 20:39:16.773,6.69568,6.69788,1.10,1.50
2010.11.08 20:39:17.984,6.69537,6.69777,1.20,1.50
2010.11.08 20:39:20.658,6.69558,6.69777,1.10,1.50
2010.11.08 20:39:21.457,6.69558,6.69806,1.40,1.50
2010.11.08 20:39:21.567,6.69558,6.69806,1.40,1.50
2010.11.08 20:39:23.665,6.69567,6.69806,1.10,1.50
2010.11.08 20:39:24.529,6.69567,6.69815,1.10,1.50
2010.11.08 20:39:28.176,6.69567,6.69815,1.10,1.50
2010.11.08 20:39:30.280,6.69567,6.69815,1.10,1.50
2010.11.08 20:39:32.328,6.69547,6.69806,3.00,1.50
2010.11.08 20:39:32.436,6.69547,6.69796,1.10,1.50
2010.11.08 20:39:33.277,6.69538,6.69786,1.20,1.50
2010.11.08 20:39:35.454,6.69538,6.69786,1.20,1.50
2010.11.08 20:39:37.474,6.69538,6.69786,1.20,1.50
2010.11.08 20:39:39.592,6.69538,6.69786,1.20,1.50
2010.11.08 20:39:40.954,6.69548,6.69797,1.10,1.50
2010.11.08 20:39:41.724,6.69548,6.69785,1.10,1.50
2010.11.08 20:39:43.782,6.69548,6.69785,1.10,1.50
2010.11.08 20:39:44.953,6.69558,6.69765,1.10,1.50
2010.11.08 20:39:47.117,6.69558,6.69765,1.10,1.50
2010.11.08 20:39:47.355,6.69537,6.69765,1.20,1.50
2010.11.08 20:39:47.467,6.69537,6.69754,1.40,1.50
2010.11.08 20:39:47.904,6.69537,6.69741,1.10,1.50
2010.11.08 20:39:48.407,6.69527,6.69752,2.80,1.50
2010.11.08 20:39:50.255,6.69523,6.69752,2.50,1.50
2010.11.08 20:39:52.497,6.69523,6.69752,1.10,1.50
2010.11.08 20:39:53.514,6.69508,6.69734,2.40,1.50
2010.11.08 20:39:54.772,6.69513,6.69723,2.80,1.50
2010.11.08 20:39:55.354,6.69527,6.69723,1.10,1.50
2010.11.08 20:39:55.463,6.69527,6.69733,1.10,1.50
2010.11.08 20:39:55.574,6.69527,6.69733,1.10,1.50
2010.11.08 20:39:56.395,6.69512,6.69733,1.30,1.50
2010.11.08 20:39:56.504,6.69497,6.69725,1.20,1.50
2010.11.08 20:39:56.619,6.69479,6.69725,2.80,1.50
2010.11.08 20:39:56.736,6.69479,6.69714,2.80,1.50
2010.11.08 20:39:57.951,6.69457,6.69692,1.10,1.50
2010.11.08 20:39:59.753,6.69457,6.69679,1.10,1.50
2010.11.08 20:39:59.864,6.69451,6.69679,2.40,1.50
2010.11.08 20:40:00.084,6.69448,6.69679,1.10,1.50
2010.11.08 20:40:01.665,6.69488,6.69679,1.10,1.50
2010.11.08 20:40:01.776,6.69487,6.69705,1.10,1.50
2010.11.08 20:40:01.996,6.6947,6.69705,3.20,1.50
2010.11.08 20:40:02.474,6.6947,6.69693,3.20,1.50
2010.11.08 20:40:04.526,6.69468,6.69693,1.10,1.50
2010.11.08 20:40:06.732,6.69475,6.69693,1.10,1.50
2010.11.08 20:40:09.036,6.69475,6.69693,1.10,1.50
2010.11.08 20:40:10.524,6.69475,6.69701,2.80,1.50
2010.11.08 20:40:12.106,6.69475,6.69694,1.10,1.50
2010.11.08 20:40:18.896,6.69475,6.69694,2.80,1.50
2010.11.08 20:40:19.492,6.69499,6.6971,2.30,1.50
2010.11.08 20:40:19.609,6.69475,6.69699,2.50,1.50
2010.11.08 20:40:21.804,6.69475,6.69699,2.50,1.50
2010.11.08 20:40:24.764,6.69475,6.69699,2.50,1.50
2010.11.08 20:40:27.190,6.69468,6.69692,1.10,1.50
2010.11.08 20:40:27.311,6.69475,6.69692,2.50,1.50
2010.11.08 20:40:27.535,6.69475,6.69701,2.50,1.50
2010.11.08 20:40:29.807,6.69475,6.69701,2.50,1.50
2010.11.08 20:40:32.458,6.69488,6.69701,1.10,1.50
2010.11.08 20:40:32.684,6.69497,6.69708,1.10,1.50
2010.11.08 20:40:33.522,6.69497,6.69708,1.10,1.50
2010.11.08 20:40:33.854,6.69507,6.69721,1.10,1.50
2010.11.08 20:40:34.074,6.69518,6.6973,1.10,1.50
2010.11.08 20:40:35.732,6.69529,6.69743,3.20,1.50
2010.11.08 20:40:35.851,6.69547,6.69757,1.10,1.50
2010.11.08 20:40:35.965,6.69547,6.69766,1.10,1.50
2010.11.08 20:40:36.184,6.69518,6.69766,6.60,1.50
2010.11.08 20:40:36.406,6.69518,6.69751,3.20,1.50
2010.11.08 20:40:36.895,6.69529,6.69751,2.50,1.50
2010.11.08 20:40:37.012,6.69552,6.69777,2.30,1.50
2010.11.08 20:40:37.124,6.69533,6.69777,2.60,1.50
2010.11.08 20:40:37.234,6.69533,6.69761,2.60,1.50
2010.11.08 20:40:38.683,6.69527,6.69757,1.10,1.50
2010.11.08 20:40:38.905,6.69523,6.69765,3.20,1.50
2010.11.08 20:40:39.372,6.69523,6.69763,3.20,1.50
2010.11.08 20:40:39.609,6.69523,6.69715,3.20,1.50
2010.11.08 20:40:39.727,6.69519,6.69715,3.20,1.50
2010.11.08 20:40:40.220,6.69528,6.69722,1.10,1.50
2010.11.08 20:40:40.346,6.69528,6.69738,1.10,1.50
2010.11.08 20:40:41.224,6.69528,6.69738,1.10,1.50
2010.11.08 20:40:41.753,6.69518,6.69726,1.10,1.50
2010.11.08 20:40:41.864,6.69518,6.69726,1.10,1.50
2010.11.08 20:40:42.453,6.69498,6.69726,1.10,1.50
2010.11.08 20:40:42.565,6.69498,6.69697,1.10,1.50
2010.11.08 20:40:42.980,6.69495,6.6968,6.30,1.50
2010.11.08 20:40:43.105,6.69468,6.6968,1.10,1.50
2010.11.08 20:40:43.220,6.69487,6.6968,1.10,1.50
2010.11.08 20:40:43.446,6.69517,6.69707,1.10,1.50
2010.11.08 20:40:44.059,6.69495,6.69714,2.50,1.50
2010.11.08 20:40:44.180,6.69479,6.69693,2.40,1.50
2010.11.08 20:40:44.896,6.69479,6.69686,2.40,1.50
2010.11.08 20:40:47.098,6.69475,6.69687,2.80,1.50
2010.11.08 20:40:47.324,6.6946,6.69682,2.70,1.50
2010.11.08 20:40:49.116,6.69477,6.69682,1.10,1.50
2010.11.08 20:40:49.226,6.69488,6.69695,1.10,1.50
2010.11.08 20:40:49.334,6.69488,6.69695,1.10,1.50
2010.11.08 20:40:50.332,6.69488,6.69676,1.10,1.50
2010.11.08 20:40:50.447,6.69478,6.69676,1.10,1.50
2010.11.08 20:40:50.665,6.69478,6.69685,1.10,1.50
2010.11.08 20:40:51.241,6.69487,6.69694,1.10,1.50
2010.11.08 20:40:51.808,6.69477,6.69684,1.10,1.50
2010.11.08 20:40:52.035,6.69477,6.69696,1.10,1.50
2010.11.08 20:40:52.333,6.69477,6.69696,1.10,1.50
2010.11.08 20:40:54.529,6.69518,6.69737,2.80,1.50
2010.11.08 20:40:54.641,6.69508,6.69716,1.10,1.50
2010.11.08 20:40:54.975,6.69507,6.69716,1.10,1.50
2010.11.08 20:40:55.085,6.69507,6.69723,1.10,1.50
2010.11.08 20:40:55.670,6.69518,6.69731,1.10,1.50
2010.11.08 20:40:56.315,6.69518,6.69721,1.10,1.50
2010.11.08 20:40:56.953,6.69503,6.69721,2.70,1.50
2010.11.08 20:40:57.700,6.69513,6.69721,1.10,1.50
2010.11.08 20:41:00.351,6.69518,6.69721,1.10,1.50
2010.11.08 20:41:00.786,6.69518,6.69721,1.10,1.50
2010.11.08 20:41:01.005,6.69518,6.6973,1.10,1.50
2010.11.08 20:41:01.494,6.69518,6.69753,1.10,1.50
2010.11.08 20:41:02.065,6.69518,6.69753,1.10,1.50
2010.11.08 20:41:04.093,6.69518,6.69753,1.10,1.50
2010.11.08 20:41:07.272,6.69518,6.69753,1.10,1.50
2010.11.08 20:41:09.777,6.69518,6.69753,1.10,1.50
2010.11.08 20:41:12.938,6.69518,6.69753,1.10,1.50
2010.11.08 20:41:15.220,6.69518,6.69753,1.10,1.50
2010.11.08 20:41:15.677,6.69499,6.69753,2.30,1.50
2010.11.08 20:41:15.784,6.69499,6.69737,2.30,1.50
2010.11.08 20:41:16.378,6.69507,6.69737,1.10,1.50
2010.11.08 20:41:17.295,6.69487,6.69737,1.10,1.50
2010.11.08 20:41:17.405,6.69487,6.69715,1.10,1.50
2010.11.08 20:41:17.996,6.69477,6.69722,1.10,1.50
2010.11.08 20:41:18.106,6.69477,6.69711,1.10,1.50
2010.11.08 20:41:20.149,6.69488,6.69711,1.10,1.50
2010.11.08 20:41:22.371,6.69488,6.69711,1.10,1.50
2010.11.08 20:41:26.137,6.69488,6.69711,1.10,1.50
2010.11.08 20:41:28.524,6.69488,6.69711,1.10,1.50
2010.11.08 20:41:30.913,6.69488,6.69711,1.10,1.50
2010.11.08 20:41:34.916,6.69498,6.69711,1.10,1.50
2010.11.08 20:41:36.542,6.69488,6.69711,1.10,1.50
2010.11.08 20:41:38.991,6.69488,6.69711,1.10,1.50
2010.11.08 20:41:39.102,6.69488,6.6972,1.10,1.50
2010.11.08 20:41:39.779,6.69498,6.69732,1.10,1.50
2010.11.08 20:41:41.887,6.69517,6.69732,1.10,1.50
2010.11.08 20:41:42.472,6.69517,6.69732,1.10,1.50
2010.11.08 20:41:44.995,6.69528,6.69732,1.10,1.50
2010.11.08 20:41:47.158,6.69528,6.69745,1.10,1.50
2010.11.08 20:41:47.933,6.69517,6.69736,1.10,1.50
2010.11.08 20:41:50.085,6.69517,6.69736,1.10,1.50
2010.11.08 20:41:52.453,6.69517,6.69736,1.10,1.50
2010.11.08 20:41:54.547,6.69517,6.69736,1.10,1.50
2010.11.08 20:41:57.097,6.69517,6.69736,1.10,1.50
2010.11.08 20:42:00.420,6.69517,6.69736,1.10,1.50
2010.11.08 20:42:02.474,6.69517,6.69736,1.10,1.50
2010.11.08 20:42:04.566,6.69517,6.69736,1.10,1.50
2010.11.08 20:42:05.202,6.69507,6.69736,1.10,1.50
2010.11.08 20:42:05.314,6.69528,6.69715,1.10,1.50
2010.11.08 20:42:05.817,6.69528,6.69739,1.10,1.50
2010.11.08 20:42:07.920,6.69528,6.69739,1.10,1.50
2010.11.08 20:42:08.039,6.69508,6.69733,1.10,1.50
2010.11.08 20:42:09.702,6.69515,6.69733,1.10,1.50
2010.11.08 20:42:11.807,6.69518,6.69734,1.10,1.50
2010.11.08 20:42:12.505,6.6951,6.69734,2.30,1.50
2010.11.08 20:42:14.608,6.6951,6.69734,2.30,1.50
2010.11.08 20:42:15.975,6.6951,6.69728,2.30,1.50
2010.11.08 20:42:16.193,6.6951,6.69736,2.30,1.50
2010.11.08 20:42:18.537,6.6951,6.69736,2.30,1.50
2010.11.08 20:42:21.013,6.6951,6.69736,2.30,1.50
2010.11.08 20:42:22.152,6.6951,6.69742,2.30,1.50
2010.11.08 20:42:24.366,6.6951,6.69742,2.30,1.50
2010.11.08 20:42:26.144,6.6951,6.69734,2.30,1.50
2010.11.08 20:42:28.210,6.6951,6.69733,2.30,1.50
2010.11.08 20:42:30.517,6.6951,6.69733,2.30,1.50
2010.11.08 20:42:32.652,6.6951,6.69733,2.30,1.50
2010.11.08 20:42:36.034,6.6951,6.69733,2.30,1.50
2010.11.08 20:42:36.894,6.6951,6.69742,2.30,1.50
2010.11.08 20:42:38.993,6.6951,6.69742,2.30,1.50
2010.11.08 20:42:40.126,6.6951,6.69732,2.30,1.50
2010.11.08 20:42:42.330,6.6951,6.69732,2.30,1.50
2010.11.08 20:42:44.376,6.6951,6.69732,2.30,1.50
2010.11.08 20:42:48.586,6.6951,6.69732,2.30,1.50
2010.11.08 20:42:51.091,6.6951,6.69732,2.30,1.50
2010.11.08 20:42:53.505,6.6951,6.69732,2.30,1.50
2010.11.08 20:42:56.081,6.6951,6.69732,2.30,1.50
2010.11.08 20:42:58.227,6.69515,6.69732,1.10,1.50
2010.11.08 20:42:59.112,6.69518,6.69732,1.10,1.50
2010.11.08 20:42:59.444,6.69528,6.6973,1.10,1.50
2010.11.08 20:42:59.553,6.69528,6.6973,1.10,1.50
2010.11.08 20:43:01.829,6.69528,6.6973,1.10,1.50
2010.11.08 20:43:04.156,6.69528,6.6973,1.10,1.50
2010.11.08 20:43:06.279,6.69528,6.6973,1.10,1.50
2010.11.08 20:43:08.515,6.69528,6.69732,1.10,1.50
2010.11.08 20:43:09.086,6.69537,6.69732,1.10,1.50
2010.11.08 20:43:09.307,6.69558,6.69758,1.10,1.50
2010.11.08 20:43:09.524,6.69558,6.69768,1.10,1.50
2010.11.08 20:43:10.023,6.69558,6.6978,1.10,1.50
2010.11.08 20:43:10.138,6.69578,6.69787,1.10,1.50
2010.11.08 20:43:11.655,6.69587,6.69798,1.10,1.50
2010.11.08 20:43:11.985,6.69558,6.69798,1.10,1.50
2010.11.08 20:43:12.095,6.69558,6.69789,1.10,1.50
2010.11.08 20:43:12.754,6.69567,6.6978,1.10,1.50
2010.11.08 20:43:14.857,6.69567,6.6978,1.10,1.50
2010.11.08 20:43:15.074,6.69588,6.69786,1.10,1.50
2010.11.08 20:43:17.191,6.69587,6.69786,1.10,1.50
2010.11.08 20:43:19.306,6.69587,6.69786,1.10,1.50
2010.11.08 20:43:21.494,6.69587,6.69786,1.10,1.50
2010.11.08 20:43:24.010,6.69587,6.69786,1.10,1.50
2010.11.08 20:43:26.022,6.69587,6.69786,1.10,1.50
2010.11.08 20:43:26.836,6.69587,6.69799,1.10,1.50
2010.11.08 20:43:28.842,6.69587,6.69799,1.10,1.50
2010.11.08 20:43:29.735,6.69587,6.6979,1.10,1.50
2010.11.08 20:43:30.024,6.69587,6.69799,1.10,1.50
2010.11.08 20:43:32.085,6.69587,6.69798,1.10,1.50
2010.11.08 20:43:33.193,6.69577,6.69785,1.10,1.50
2010.11.08 20:43:33.857,6.69597,6.69804,1.10,1.50
2010.11.08 20:43:33.965,6.69582,6.69781,3.20,1.50
2010.11.08 20:43:34.184,6.69597,6.69781,1.10,1.50
2010.11.08 20:43:34.599,6.69597,6.69797,1.10,1.50
2010.11.08 20:43:34.823,6.69587,6.69797,2.50,1.50
2010.11.08 20:43:36.827,6.69592,6.69797,2.30,1.50
2010.11.08 20:43:37.164,6.69582,6.69797,2.70,1.50
2010.11.08 20:43:38.433,6.69582,6.69807,1.10,1.50
2010.11.08 20:43:38.913,6.69567,6.69807,1.10,1.50
2010.11.08 20:43:39.135,6.69567,6.69793,1.10,1.50
2010.11.08 20:43:39.837,6.69568,6.69793,2.50,1.50
2010.11.08 20:43:41.092,6.69568,6.69805,1.10,1.50
2010.11.08 20:43:41.969,6.69568,6.69805,1.10,1.50
2010.11.08 20:43:44.294,6.69568,6.69805,1.10,1.50
2010.11.08 20:43:46.605,6.69568,6.69805,1.10,1.50
