2017.09.12 12:00:00.101,7.98922,7.99034,1.00,1.00
2017.09.12 12:00:00.152,7.98917,7.9903,1.00,1.00
2017.09.12 12:00:00.203,7.98914,7.99026,1.00,1.00
2017.09.12 12:00:00.474,7.98903,7.99016,1.00,1.00
2017.09.12 12:00:00.526,7.98909,7.99022,1.00,1.00
2017.09.12 12:00:00.891,7.98913,7.99026,1.00,1.00
2017.09.12 12:00:01.588,7.98911,7.99021,1.00,1.00
2017.09.12 12:00:01.639,7.98896,7.99008,1.00,1.00
2017.09.12 12:00:01.791,7.98899,7.99011,1.00,1.00
2017.09.12 12:00:02.097,7.98942,7.99054,1.00,1.00
2017.09.12 12:00:02.436,7.98938,7.9905,1.00,1.00
2017.09.12 12:00:02.956,7.98939,7.99051,1.00,1.00
2017.09.12 12:00:03.300,7.98937,7.99049,1.00,1.00
2017.09.12 12:00:07.571,7.98926,7.99038,1.00,1.00
2017.09.12 12:00:07.881,7.98922,7.99034,1.00,1.00
2017.09.12 12:00:08.084,7.98914,7.99034,1.00,1.00
2017.09.12 12:00:08.135,7.98908,7.99024,1.00,1.00
2017.09.12 12:00:08.485,7.98885,7.98997,1.00,1.00
2017.09.12 12:00:08.789,7.98879,7.9899,1.00,1.00
2017.09.12 12:00:08.841,7.98866,7.98978,1.00,1.00
2017.09.12 12:00:09.578,7.98868,7.98979,1.00,1.00
2017.09.12 12:00:10.812,7.98864,7.98975,1.00,1.00
2017.09.12 12:00:11.147,7.98873,7.98985,1.00,1.00
2017.09.12 12:00:11.697,7.98872,7.98984,1.00,1.00
2017.09.12 12:00:11.748,7.98876,7.98987,1.00,1.00
2017.09.12 12:00:12.686,7.98863,7.98974,1.00,1.00
2017.09.12 12:00:13.267,7.98871,7.98982,1.00,1.00
2017.09.12 12:00:13.419,7.98867,7.98979,1.00,1.00
2017.09.12 12:00:13.646,7.98872,7.98983,1.00,1.00
2017.09.12 12:00:13.815,7.98867,7.98979,1.00,1.00
2017.09.12 12:00:13.866,7.98872,7.98983,1.00,1.00
2017.09.12 12:00:14.393,7.98867,7.98978,1.00,1.00
2017.09.12 12:00:14.735,7.98871,7.98981,1.00,1.00
2017.09.12 12:00:17.258,7.98866,7.98978,1.00,1.00
2017.09.12 12:00:17.309,7.9886,7.98971,1.00,1.00
2017.09.12 12:00:17.360,7.98863,7.98975,1.00,1.00
2017.09.12 12:00:17.411,7.98859,7.98971,1.00,1.00
2017.09.12 12:00:17.933,7.98858,7.9897,1.00,1.00
2017.09.12 12:00:20.719,7.98862,7.98973,1.00,1.00
2017.09.12 12:00:21.935,7.98864,7.98976,1.00,1.00
2017.09.12 12:00:21.986,7.98879,7.98991,1.00,1.00
2017.09.12 12:00:23.035,7.98891,7.99,1.00,1.00
2017.09.12 12:00:24.685,7.98899,7.99011,1.00,1.00
2017.09.12 12:00:25.108,7.98923,7.99034,1.00,1.00
2017.09.12 12:00:25.159,7.98937,7.99049,1.00,1.00
2017.09.12 12:00:28.156,7.98935,7.99047,1.00,1.00
2017.09.12 12:00:29.527,7.98939,7.99051,1.00,1.00
2017.09.12 12:00:29.832,7.98969,7.9908,1.00,1.00
2017.09.12 12:00:30.038,7.98973,7.99085,1.00,1.00
2017.09.12 12:00:30.824,7.98969,7.9908,1.00,1.00
2017.09.12 12:00:31.529,7.98965,7.99076,1.00,1.00
2017.09.12 12:00:31.580,7.98955,7.99067,1.00,1.00
2017.09.12 12:00:31.631,7.98952,7.99063,1.00,1.00
2017.09.12 12:00:31.838,7.98939,7.99051,1.00,1.00
2017.09.12 12:00:31.939,7.98935,7.99046,1.00,1.00
2017.09.12 12:00:35.205,7.98941,7.99053,1.00,1.00
2017.09.12 12:00:35.307,7.98951,7.99063,1.00,1.00
2017.09.12 12:00:37.696,7.98951,7.9906,1.00,1.00
2017.09.12 12:00:37.747,7.9893,7.99041,1.00,1.00
2017.09.12 12:00:37.900,7.98938,7.99049,1.00,1.00
2017.09.12 12:00:38.921,7.98943,7.99055,1.00,1.00
2017.09.12 12:00:39.023,7.98947,7.99059,1.00,1.00
2017.09.12 12:00:39.430,7.98944,7.99054,1.00,1.00
2017.09.12 12:00:40.227,7.98948,7.99059,1.00,1.00
2017.09.12 12:00:40.373,7.98945,7.99054,1.00,1.00
2017.09.12 12:00:40.424,7.98943,7.99055,1.00,1.00
2017.09.12 12:00:41.131,7.98938,7.9905,1.00,1.00
2017.09.12 12:00:41.596,7.98927,7.99038,1.00,1.00
2017.09.12 12:00:41.900,7.9893,7.9904,1.00,1.00
2017.09.12 12:00:42.570,7.98938,7.9905,1.00,1.00
2017.09.12 12:00:43.186,7.98939,7.99051,1.00,1.00
2017.09.12 12:00:43.396,7.98934,7.99046,1.00,1.00
2017.09.12 12:00:43.714,7.98927,7.99038,1.00,1.00
2017.09.12 12:00:46.299,7.9892,7.99031,1.00,1.00
2017.09.12 12:00:46.401,7.98923,7.99035,1.00,1.00
2017.09.12 12:00:46.451,7.98921,7.99032,1.00,1.00
2017.09.12 12:00:47.717,7.98927,7.99038,1.00,1.00
2017.09.12 12:00:47.768,7.9893,7.99042,1.00,1.00
2017.09.12 12:00:48.288,7.98922,7.99034,1.00,1.00
2017.09.12 12:00:49.025,7.98933,7.99034,1.00,1.00
2017.09.12 12:00:50.267,7.98933,7.9903,1.00,1.00
2017.09.12 12:00:50.520,7.98933,7.99034,1.00,1.00
2017.09.12 12:00:50.571,7.98934,7.99025,1.00,1.00
2017.09.12 12:00:50.888,7.98918,7.99025,1.00,1.00
2017.09.12 12:00:51.626,7.98918,7.99021,1.00,1.00
2017.09.12 12:00:51.991,7.98918,7.99015,1.00,1.00
2017.09.12 12:00:52.143,7.98918,7.99018,1.00,1.00
2017.09.12 12:00:52.245,7.98928,7.99018,1.00,1.00
2017.09.12 12:00:52.354,7.98928,7.99028,1.00,1.00
2017.09.12 12:00:53.244,7.98928,7.99023,1.00,1.00
2017.09.12 12:00:54.275,7.9891,7.99014,1.00,1.00
2017.09.12 12:00:54.326,7.98914,7.99025,1.00,1.00
2017.09.12 12:00:54.377,7.9891,7.99014,1.00,1.00
2017.09.12 12:00:54.781,7.98922,7.99032,1.00,1.00
2017.09.12 12:00:54.833,7.9891,7.99017,1.00,1.00
2017.09.12 12:00:54.884,7.98916,7.99028,1.00,1.00
2017.09.12 12:00:55.263,7.98926,7.99038,1.00,1.00
2017.09.12 12:00:55.655,7.98923,7.99032,1.00,1.00
2017.09.12 12:00:55.987,7.98923,7.9903,1.00,1.00
2017.09.12 12:00:56.139,7.98915,7.99027,1.00,1.00
2017.09.12 12:00:57.065,7.98927,7.99038,1.00,1.00
2017.09.12 12:00:57.167,7.98934,7.99046,1.00,1.00
2017.09.12 12:00:57.218,7.98932,7.99044,1.00,1.00
2017.09.12 12:00:57.552,7.98929,7.99037,1.00,1.00
2017.09.12 12:00:57.707,7.98927,7.99039,1.00,1.00
2017.09.12 12:00:57.859,7.98934,7.99046,1.00,1.00
2017.09.12 12:00:58.176,7.98947,7.99058,1.00,1.00
2017.09.12 12:00:58.227,7.98932,7.99044,1.00,1.00
2017.09.12 12:00:58.402,7.98941,7.99053,1.00,1.00
2017.09.12 12:00:59.749,7.98936,7.99047,1.00,1.00
2017.09.12 12:01:02.023,7.9893,7.99041,1.00,1.00
2017.09.12 12:01:02.338,7.98936,7.99047,1.00,1.00
2017.09.12 12:01:03.104,7.98929,7.99033,1.00,1.00
2017.09.12 12:01:03.446,7.9893,7.99039,1.00,1.00
2017.09.12 12:01:03.497,7.98929,7.99037,1.00,1.00
2017.09.12 12:01:03.801,7.98929,7.9903,1.00,1.00
2017.09.12 12:01:05.325,7.98929,7.99033,1.00,1.00
2017.09.12 12:01:07.330,7.98929,7.99037,1.00,1.00
2017.09.12 12:01:07.470,7.98956,7.9907,1.00,1.00
2017.09.12 12:01:07.521,7.98959,7.9907,1.00,1.00
2017.09.12 12:01:07.825,7.98937,7.99048,1.00,1.00
2017.09.12 12:01:08.167,7.98939,7.9905,1.00,1.00
2017.09.12 12:01:08.218,7.98948,7.9906,1.00,1.00
2017.09.12 12:01:08.563,7.98958,7.99068,1.00,1.00
2017.09.12 12:01:08.615,7.98959,7.9907,1.00,1.00
2017.09.12 12:01:08.666,7.98962,7.99074,1.00,1.00
2017.09.12 12:01:09.693,7.98975,7.99086,1.00,1.00
2017.09.12 12:01:10.343,7.98963,7.99074,1.00,1.00
2017.09.12 12:01:10.672,7.98994,7.99107,1.00,1.00
2017.09.12 12:01:11.325,7.98998,7.99111,1.00,1.00
2017.09.12 12:01:12.661,7.99003,7.99114,1.00,1.00
2017.09.12 12:01:12.713,7.99003,7.99132,1.00,1.00
2017.09.12 12:01:12.765,7.99013,7.99142,1.00,1.00
2017.09.12 12:01:13.118,7.99036,7.99147,1.00,1.00
2017.09.12 12:01:13.506,7.99032,7.99143,1.00,1.00
2017.09.12 12:01:14.096,7.99028,7.99139,1.00,1.00
2017.09.12 12:01:14.282,7.99,7.99132,1.00,1.00
2017.09.12 12:01:14.334,7.99,7.99114,1.00,1.00
2017.09.12 12:01:15.115,7.98995,7.99109,1.00,1.00
2017.09.12 12:01:16.004,7.98994,7.99108,1.00,1.00
2017.09.12 12:01:16.055,7.98991,7.99107,1.00,1.00
2017.09.12 12:01:16.106,7.98975,7.99086,1.00,1.00
2017.09.12 12:01:16.156,7.98971,7.99085,1.00,1.00
2017.09.12 12:01:17.163,7.98965,7.99079,1.00,1.00
2017.09.12 12:01:17.761,7.98963,7.99077,1.00,1.00
2017.09.12 12:01:18.094,7.98977,7.9909,1.00,1.00
2017.09.12 12:01:18.760,7.98974,7.99085,1.00,1.00
2017.09.12 12:01:19.613,7.98971,7.9908,1.00,1.00
2017.09.12 12:01:19.898,7.99002,7.99117,1.00,1.00
2017.09.12 12:01:19.949,7.99006,7.99117,1.00,1.00
2017.09.12 12:01:20.346,7.99005,7.99114,1.00,1.00
2017.09.12 12:01:21.448,7.98982,7.99093,1.00,1.00
2017.09.12 12:01:21.499,7.98978,7.99089,1.00,1.00
2017.09.12 12:01:21.651,7.98984,7.99096,1.00,1.00
2017.09.12 12:01:22.536,7.98968,7.9908,1.00,1.00
2017.09.12 12:01:22.840,7.98964,7.99076,1.00,1.00
2017.09.12 12:01:23.172,7.98943,7.99055,1.00,1.00
2017.09.12 12:01:23.476,7.98959,7.99071,1.00,1.00
2017.09.12 12:01:23.846,7.98938,7.9905,1.00,1.00
2017.09.12 12:01:24.762,7.98936,7.99045,1.00,1.00
2017.09.12 12:01:26.377,7.98933,7.99035,1.00,1.00
2017.09.12 12:01:26.682,7.98934,7.9902,1.00,1.00
2017.09.12 12:01:27.108,7.98921,7.9902,1.00,1.00
2017.09.12 12:01:27.159,7.98929,7.99041,1.00,1.00
2017.09.12 12:01:27.334,7.98934,7.99046,1.00,1.00
2017.09.12 12:01:27.638,7.98931,7.99036,1.00,1.00
2017.09.12 12:01:27.941,7.98933,7.99045,1.00,1.00
2017.09.12 12:01:27.993,7.98931,7.99015,1.00,1.00
2017.09.12 12:01:28.095,7.98917,7.99015,1.00,1.00
2017.09.12 12:01:28.645,7.98917,7.9902,1.00,1.00
2017.09.12 12:01:28.696,7.98917,7.99024,1.00,1.00
2017.09.12 12:01:28.748,7.98917,7.99026,1.00,1.00
2017.09.12 12:01:29.086,7.9892,7.99032,1.00,1.00
2017.09.12 12:01:29.279,7.98917,7.99023,1.00,1.00
2017.09.12 12:01:29.330,7.98917,7.99025,1.00,1.00
2017.09.12 12:01:29.454,7.98917,7.99031,1.00,1.00
2017.09.12 12:01:29.509,7.98922,7.9905,1.00,1.00
2017.09.12 12:01:30.043,7.98918,7.99046,1.00,1.00
2017.09.12 12:01:30.412,7.98932,7.99046,1.00,1.00
2017.09.12 12:01:31.508,7.98932,7.99051,1.00,1.00
2017.09.12 12:01:31.889,7.98935,7.99064,1.00,1.00
2017.09.12 12:01:31.940,7.98941,7.9907,1.00,1.00
2017.09.12 12:01:32.290,7.98968,7.99097,1.00,1.00
2017.09.12 12:01:33.816,7.98972,7.99084,1.00,1.00
2017.09.12 12:01:35.870,7.98972,7.99085,1.00,1.00
2017.09.12 12:01:36.867,7.9895,7.99059,1.00,1.00
2017.09.12 12:01:36.918,7.98952,7.99064,1.00,1.00
2017.09.12 12:01:37.019,7.98939,7.99052,1.00,1.00
2017.09.12 12:01:38.075,7.98933,7.99029,1.00,1.00
2017.09.12 12:01:38.584,7.98933,7.9903,1.00,1.00
2017.09.12 12:01:38.635,7.98923,7.9903,1.00,1.00
2017.09.12 12:01:38.946,7.98928,7.9904,1.00,1.00
2017.09.12 12:01:39.099,7.98925,7.99037,1.00,1.00
2017.09.12 12:01:39.686,7.98923,7.9904,1.00,1.00
2017.09.12 12:01:39.788,7.98923,7.99017,1.00,1.00
2017.09.12 12:01:39.840,7.98923,7.99022,1.00,1.00
2017.09.12 12:01:39.890,7.98923,7.99018,1.00,1.00
2017.09.12 12:01:40.012,7.98923,7.99037,1.00,1.00
2017.09.12 12:01:40.063,7.98923,7.99052,1.00,1.00
2017.09.12 12:01:40.114,7.98963,7.99081,1.00,1.00
2017.09.12 12:01:40.165,7.98969,7.99089,1.00,1.00
2017.09.12 12:01:40.216,7.98974,7.99093,1.00,1.00
2017.09.12 12:01:40.528,7.99012,7.99131,1.00,1.00
2017.09.12 12:01:40.831,7.99014,7.99132,1.00,1.00
2017.09.12 12:01:40.882,7.9901,7.9913,1.00,1.00
2017.09.12 12:01:40.933,7.99007,7.99127,1.00,1.00
2017.09.12 12:01:41.035,7.98966,7.99118,1.00,1.00
2017.09.12 12:01:41.329,7.98966,7.99099,1.00,1.00
2017.09.12 12:01:41.655,7.98961,7.99087,1.00,1.00
2017.09.12 12:01:41.807,7.98954,7.99087,1.00,1.00
2017.09.12 12:01:42.184,7.9897,7.99103,1.00,1.37
2017.09.12 12:01:42.286,7.98961,7.99094,1.00,1.00
2017.09.12 12:01:42.625,7.98957,7.99077,1.00,1.00
2017.09.12 12:01:42.929,7.98948,7.99068,1.00,1.00
2017.09.12 12:01:43.254,7.98952,7.99071,1.00,1.00
2017.09.12 12:01:43.305,7.98947,7.99067,1.00,1.00
2017.09.12 12:01:44.074,7.98941,7.99061,1.00,1.00
2017.09.12 12:01:44.409,7.98921,7.99041,1.00,1.00
2017.09.12 12:01:44.713,7.98927,7.99046,1.00,1.00
2017.09.12 12:01:45.998,7.98925,7.99039,1.00,1.00
2017.09.12 12:01:46.252,7.98913,7.99034,1.00,1.00
2017.09.12 12:01:47.748,7.98911,7.99025,1.00,1.00
2017.09.12 12:01:48.069,7.98911,7.99019,1.00,1.00
2017.09.12 12:01:48.196,7.98911,7.99029,1.00,1.00
2017.09.12 12:01:48.259,7.98911,7.99022,1.00,1.00
2017.09.12 12:01:48.812,7.98911,7.99006,1.00,1.00
2017.09.12 12:01:48.874,7.98911,7.99013,1.00,1.00
2017.09.12 12:01:48.976,7.98899,7.99008,1.00,1.00
2017.09.12 12:01:49.387,7.98899,7.99006,1.00,1.00
2017.09.12 12:01:49.703,7.98901,7.99006,1.00,1.00
2017.09.12 12:01:50.516,7.98901,7.99011,1.00,1.00
2017.09.12 12:01:50.567,7.98901,7.99006,1.00,1.00
2017.09.12 12:01:50.769,7.98889,7.99006,1.00,1.00
2017.09.12 12:01:50.871,7.9888,7.98998,1.00,1.00
2017.09.12 12:01:51.077,7.9887,7.98988,1.00,1.00
2017.09.12 12:01:51.432,7.98852,7.9897,1.00,1.00
2017.09.12 12:01:51.737,7.98847,7.98965,1.00,1.00
2017.09.12 12:01:51.967,7.98841,7.9896,1.00,1.00
2017.09.12 12:01:52.018,7.98838,7.98956,1.00,1.00
2017.09.12 12:01:52.536,7.98852,7.9897,1.00,1.00
2017.09.12 12:01:52.899,7.98844,7.98962,1.00,1.00
2017.09.12 12:01:52.950,7.98847,7.98966,1.00,1.00
2017.09.12 12:01:53.001,7.98859,7.98977,1.00,1.00
2017.09.12 12:01:53.206,7.98896,7.99015,1.00,1.00
2017.09.12 12:01:53.307,7.9889,7.99008,1.00,1.00
2017.09.12 12:01:53.358,7.98869,7.99007,1.00,1.00
2017.09.12 12:01:53.409,7.98871,7.98989,1.00,1.00
2017.09.12 12:01:53.765,7.98858,7.98975,1.00,1.00
2017.09.12 12:01:53.816,7.98841,7.98959,1.00,1.00
2017.09.12 12:01:53.867,7.98844,7.98962,1.00,1.00
2017.09.12 12:01:53.969,7.98849,7.98968,1.00,1.00
2017.09.12 12:01:54.587,7.98854,7.98973,1.00,1.00
2017.09.12 12:01:55.450,7.98858,7.98977,1.00,1.00
2017.09.12 12:01:56.174,7.98859,7.98978,1.00,1.00
2017.09.12 12:01:56.480,7.98865,7.98984,1.00,1.00
2017.09.12 12:01:56.986,7.98865,7.98983,1.00,1.00
2017.09.12 12:01:57.410,7.98868,7.98987,1.00,1.00
2017.09.12 12:01:57.496,7.98866,7.98985,1.00,1.00
2017.09.12 12:01:57.801,7.98846,7.98953,1.00,1.00
2017.09.12 12:01:58.003,7.98837,7.98953,1.00,1.00
2017.09.12 12:01:58.105,7.98841,7.98953,1.00,1.00
2017.09.12 12:01:58.612,7.98827,7.98945,1.00,1.00
2017.09.12 12:01:58.713,7.9883,7.98949,1.00,1.00
2017.09.12 12:01:59.151,7.98834,7.98952,1.00,1.00
2017.09.12 12:02:00.054,7.98825,7.98944,1.00,1.00
2017.09.12 12:02:00.504,7.98825,7.98936,1.00,1.00
2017.09.12 12:02:00.849,7.98838,7.98954,1.00,1.00
2017.09.12 12:02:00.900,7.98856,7.98954,1.00,1.00
2017.09.12 12:02:01.078,7.98843,7.98954,1.00,1.00
2017.09.12 12:02:01.443,7.98847,7.98954,1.00,1.00
2017.09.12 12:02:02.474,7.98848,7.98954,1.00,1.00
2017.09.12 12:02:02.827,7.98844,7.98954,1.00,1.00
2017.09.12 12:02:02.878,7.98867,7.98954,1.00,1.00
2017.09.12 12:02:02.980,7.98853,7.98954,1.00,1.00
2017.09.12 12:02:03.082,7.98839,7.98953,1.00,1.00
2017.09.12 12:02:03.218,7.98811,7.98915,1.00,1.00
2017.09.12 12:02:03.274,7.98793,7.98911,1.00,1.00
2017.09.12 12:02:03.578,7.98797,7.98911,1.00,1.00
2017.09.12 12:02:03.890,7.98797,7.98908,1.00,1.00
2017.09.12 12:02:03.942,7.9879,7.98908,1.00,1.00
2017.09.12 12:02:04.154,7.98797,7.98908,1.00,1.00
2017.09.12 12:02:04.505,7.98799,7.98908,1.00,1.00
2017.09.12 12:02:04.556,7.98799,7.98912,1.00,1.00
2017.09.12 12:02:04.784,7.98804,7.98912,1.00,1.00
2017.09.12 12:02:04.999,7.98804,7.98915,1.00,1.00
2017.09.12 12:02:05.554,7.98803,7.98915,1.00,1.00
2017.09.12 12:02:05.985,7.98803,7.98902,1.00,1.00
2017.09.12 12:02:06.036,7.98803,7.98916,1.00,1.00
2017.09.12 12:02:06.137,7.98801,7.98916,1.00,1.00
2017.09.12 12:02:07.442,7.988,7.98901,1.00,1.00
2017.09.12 12:02:07.544,7.98788,7.989,1.00,1.00
2017.09.12 12:02:07.594,7.98791,7.989,1.00,1.00
2017.09.12 12:02:07.708,7.98792,7.9891,1.00,1.00
2017.09.12 12:02:08.496,7.98787,7.98905,1.50,1.00
2017.09.12 12:02:08.833,7.98787,7.98896,1.00,1.00
2017.09.12 12:02:09.294,7.98784,7.98897,1.00,1.00
2017.09.12 12:02:09.832,7.98783,7.98897,1.00,1.00
2017.09.12 12:02:10.086,7.98785,7.98901,1.00,1.00
2017.09.12 12:02:10.137,7.98789,7.98906,1.00,1.00
2017.09.12 12:02:10.188,7.98809,7.9892,1.00,1.00
2017.09.12 12:02:10.501,7.98813,7.9892,1.00,1.00
2017.09.12 12:02:10.834,7.98815,7.9892,1.00,1.00
2017.09.12 12:02:11.200,7.98813,7.9892,1.00,1.00
2017.09.12 12:02:11.251,7.98812,7.98905,1.00,1.00
2017.09.12 12:02:11.302,7.98791,7.98905,1.00,1.00
2017.09.12 12:02:11.405,7.98796,7.98914,1.00,1.00
2017.09.12 12:02:11.457,7.98808,7.9892,1.00,1.00
2017.09.12 12:02:11.934,7.98806,7.9892,1.00,1.00
2017.09.12 12:02:12.181,7.98806,7.98913,1.00,1.00
2017.09.12 12:02:12.282,7.98791,7.98909,1.00,1.00
2017.09.12 12:02:12.384,7.98787,7.98905,1.50,1.00
2017.09.12 12:02:12.797,7.98783,7.98901,1.00,1.00
2017.09.12 12:02:13.366,7.98789,7.98907,1.00,1.00
2017.09.12 12:02:13.837,7.98801,7.98919,1.00,1.00
2017.09.12 12:02:14.143,7.9878,7.98896,1.00,1.00
2017.09.12 12:02:14.398,7.98762,7.9888,1.00,1.00
2017.09.12 12:02:14.449,7.98758,7.98876,1.00,1.00
2017.09.12 12:02:14.755,7.9876,7.98874,1.00,1.00
2017.09.12 12:02:14.806,7.98761,7.98877,1.00,1.00
2017.09.12 12:02:14.908,7.98767,7.98886,1.00,1.00
2017.09.12 12:02:14.959,7.98762,7.98881,1.00,1.00
2017.09.12 12:02:15.356,7.98768,7.98887,1.00,1.00
2017.09.12 12:02:16.487,7.98757,7.98876,1.00,1.00
2017.09.12 12:02:16.789,7.98763,7.98881,1.00,1.00
2017.09.12 12:02:17.129,7.98745,7.98862,1.00,1.00
2017.09.12 12:02:17.180,7.98758,7.98876,1.00,1.00
2017.09.12 12:02:17.282,7.98759,7.98878,1.00,1.00
2017.09.12 12:02:17.666,7.98752,7.98861,1.00,1.00
2017.09.12 12:02:17.717,7.98756,7.98874,1.00,1.00
2017.09.12 12:02:18.085,7.98752,7.9887,1.00,1.00
2017.09.12 12:02:18.491,7.98757,7.98896,1.00,1.00
2017.09.12 12:02:18.542,7.98775,7.98893,1.00,1.00
2017.09.12 12:02:18.719,7.98792,7.98911,1.00,1.00
2017.09.12 12:02:18.770,7.98826,7.98945,1.00,1.00
2017.09.12 12:02:19.075,7.98845,7.98964,1.00,1.00
2017.09.12 12:02:19.380,7.98824,7.98943,1.00,1.50
2017.09.12 12:02:19.431,7.98805,7.98925,1.00,1.00
2017.09.12 12:02:20.356,7.98801,7.98921,1.00,1.00
2017.09.12 12:02:20.559,7.98775,7.98914,1.00,1.00
2017.09.12 12:02:20.747,7.98771,7.98909,1.50,1.00
2017.09.12 12:02:21.051,7.98764,7.98901,1.50,1.00
2017.09.12 12:02:21.394,7.9877,7.98908,1.00,1.00
2017.09.12 12:02:21.992,7.98783,7.98922,1.00,1.00
2017.09.12 12:02:22.093,7.98802,7.98921,1.00,1.00
2017.09.12 12:02:22.195,7.98799,7.98919,1.00,1.00
2017.09.12 12:02:22.246,7.98796,7.98915,1.00,1.00
2017.09.12 12:02:22.939,7.98778,7.98914,1.00,1.00
2017.09.12 12:02:23.291,7.98775,7.98914,1.00,1.00
2017.09.12 12:02:23.531,7.98774,7.98874,1.00,1.00
2017.09.12 12:02:23.582,7.98774,7.9888,1.00,1.00
2017.09.12 12:02:23.633,7.98757,7.98878,1.00,1.00
2017.09.12 12:02:23.685,7.98767,7.98888,1.00,1.00
2017.09.12 12:02:24.025,7.98778,7.98899,1.00,1.00
2017.09.12 12:02:26.503,7.98773,7.98892,1.00,1.00
2017.09.12 12:02:27.028,7.98768,7.98888,1.00,1.00
2017.09.12 12:02:28.156,7.98785,7.98904,1.00,1.00
2017.09.12 12:02:28.503,7.98835,7.98954,1.00,1.00
2017.09.12 12:02:28.871,7.98839,7.98959,1.00,1.00
2017.09.12 12:02:28.972,7.98845,7.98964,1.00,1.00
2017.09.12 12:02:29.412,7.98857,7.98975,1.00,1.00
2017.09.12 12:02:29.754,7.98852,7.98957,1.00,1.00
2017.09.12 12:02:29.906,7.98852,7.98965,1.00,1.00
2017.09.12 12:02:30.086,7.9885,7.98965,1.00,1.00
2017.09.12 12:02:30.137,7.9885,7.98958,1.00,1.00
2017.09.12 12:02:30.414,7.98847,7.98958,1.00,1.00
2017.09.12 12:02:30.517,7.98847,7.98942,1.00,1.00
2017.09.12 12:02:30.669,7.98826,7.98945,1.00,1.00
2017.09.12 12:02:30.720,7.98822,7.98941,1.00,1.00
2017.09.12 12:02:31.045,7.98835,7.98952,1.00,1.00
2017.09.12 12:02:31.185,7.98833,7.98952,1.00,1.00
2017.09.12 12:02:31.724,7.98856,7.98975,1.00,1.00
2017.09.12 12:02:32.027,7.98858,7.98977,1.00,1.00
2017.09.12 12:02:34.022,7.98844,7.98964,1.00,1.00
2017.09.12 12:02:34.073,7.98844,7.98956,1.00,1.00
2017.09.12 12:02:35.014,7.98824,7.98932,1.00,1.00
2017.09.12 12:02:35.116,7.98812,7.98923,1.00,1.00
2017.09.12 12:02:35.421,7.98807,7.98917,1.00,1.00
2017.09.12 12:02:35.553,7.98793,7.98905,1.00,1.00
2017.09.12 12:02:35.604,7.98806,7.98941,1.00,1.00
2017.09.12 12:02:35.658,7.98816,7.98921,1.00,1.00
2017.09.12 12:02:35.861,7.98788,7.98914,1.00,1.00
2017.09.12 12:02:35.963,7.9878,7.98914,1.00,1.00
2017.09.12 12:02:36.197,7.98783,7.98915,1.00,1.00
2017.09.12 12:02:36.502,7.98778,7.98911,1.00,1.00
2017.09.12 12:02:36.604,7.98778,7.98907,1.00,1.00
2017.09.12 12:02:36.958,7.98779,7.98905,1.00,1.00
2017.09.12 12:02:37.165,7.98776,7.98904,1.00,1.00
2017.09.12 12:02:37.505,7.98782,7.98904,1.00,1.00
2017.09.12 12:02:37.724,7.98788,7.98922,1.00,1.50
2017.09.12 12:02:37.826,7.98802,7.98936,1.00,1.00
2017.09.12 12:02:37.877,7.98804,7.98939,1.00,1.00
2017.09.12 12:02:37.927,7.98796,7.98923,1.00,1.00
2017.09.12 12:02:37.978,7.98796,7.98927,1.00,1.00
2017.09.12 12:02:38.099,7.98796,7.98924,1.00,1.00
2017.09.12 12:02:38.406,7.98767,7.98896,1.00,1.00
2017.09.12 12:02:38.771,7.98761,7.98893,1.00,1.00
2017.09.12 12:02:38.885,7.98761,7.98888,1.00,1.00
2017.09.12 12:02:38.936,7.98761,7.98891,1.00,1.00
2017.09.12 12:02:38.988,7.98761,7.98884,1.00,1.00
2017.09.12 12:02:39.039,7.98761,7.98887,1.00,1.00
2017.09.12 12:02:39.090,7.9876,7.98877,1.00,1.00
2017.09.12 12:02:39.293,7.98745,7.98873,1.00,1.00
2017.09.12 12:02:39.348,7.98745,7.98877,1.00,1.00
2017.09.12 12:02:39.451,7.98745,7.98873,1.00,1.00
2017.09.12 12:02:39.770,7.98736,7.98871,1.00,1.00
2017.09.12 12:02:39.821,7.98743,7.98877,1.00,1.00
2017.09.12 12:02:40.260,7.98753,7.98887,1.00,1.00
2017.09.12 12:02:40.582,7.98764,7.98898,1.00,1.00
2017.09.12 12:02:40.902,7.98763,7.98896,1.00,1.00
2017.09.12 12:02:40.953,7.98763,7.98898,1.00,1.00
2017.09.12 12:02:41.500,7.98768,7.98899,1.00,1.00
2017.09.12 12:02:43.426,7.98766,7.98897,1.00,1.00
2017.09.12 12:02:43.897,7.98767,7.98899,1.00,1.00
2017.09.12 12:02:43.999,7.9878,7.98891,1.00,1.00
2017.09.12 12:02:44.447,7.98786,7.98898,1.00,1.00
2017.09.12 12:02:45.229,7.98783,7.98893,1.00,1.00
2017.09.12 12:02:45.591,7.98801,7.98913,1.00,1.00
2017.09.12 12:02:45.646,7.98813,7.98925,1.00,1.00
2017.09.12 12:02:45.952,7.98822,7.98934,1.00,1.00
2017.09.12 12:02:46.273,7.98819,7.98931,1.00,1.00
2017.09.12 12:02:46.621,7.98838,7.9895,1.00,1.00
2017.09.12 12:02:46.944,7.98842,7.98954,1.00,1.00
2017.09.12 12:02:47.265,7.98807,7.98919,1.00,1.00
2017.09.12 12:02:47.570,7.98816,7.98928,1.00,1.00
2017.09.12 12:02:47.756,7.98809,7.98938,1.00,1.00
2017.09.12 12:02:47.857,7.98818,7.9893,1.00,1.00
2017.09.12 12:02:48.819,7.98823,7.98935,1.00,1.00
2017.09.12 12:02:48.937,7.98814,7.98936,1.00,1.00
2017.09.12 12:02:49.039,7.98823,7.98935,1.00,1.00
2017.09.12 12:02:49.796,7.98815,7.98927,1.00,1.00
2017.09.12 12:02:50.198,7.9881,7.98922,1.00,1.00
2017.09.12 12:02:50.553,7.98796,7.98907,1.00,1.00
2017.09.12 12:02:50.670,7.9878,7.98892,1.00,1.00
2017.09.12 12:02:50.721,7.98789,7.98901,1.00,1.00
2017.09.12 12:02:51.913,7.98794,7.98904,1.00,1.00
2017.09.12 12:02:52.015,7.98776,7.98888,1.00,1.00
2017.09.12 12:02:53.103,7.98791,7.98903,1.00,1.00
2017.09.12 12:02:53.407,7.98787,7.98898,1.00,1.00
2017.09.12 12:02:53.459,7.9879,7.98902,1.00,1.00
2017.09.12 12:02:53.613,7.98777,7.98889,1.00,1.00
2017.09.12 12:02:54.878,7.9877,7.98882,1.00,1.00
2017.09.12 12:02:55.244,7.98776,7.98885,1.00,1.00
2017.09.12 12:02:55.624,7.98768,7.9888,1.00,1.00
2017.09.12 12:02:55.737,7.98772,7.98884,1.00,1.00
2017.09.12 12:02:56.131,7.98795,7.98907,1.00,1.00
2017.09.12 12:02:56.485,7.98774,7.98886,1.00,1.00
2017.09.12 12:02:56.825,7.98744,7.98856,1.00,1.00
2017.09.12 12:02:56.927,7.98746,7.98876,1.00,1.00
2017.09.12 12:02:57.080,7.98773,7.98904,1.00,1.50
2017.09.12 12:02:57.131,7.9876,7.98888,1.00,1.00
2017.09.12 12:02:57.182,7.98773,7.98904,1.00,1.00
2017.09.12 12:02:57.365,7.98778,7.98908,1.00,1.00
2017.09.12 12:02:57.617,7.98774,7.98905,1.00,1.00
2017.09.12 12:02:58.267,7.98771,7.98902,1.00,1.00
2017.09.12 12:02:58.616,7.98766,7.98897,1.00,1.00
2017.09.12 12:02:58.920,7.98773,7.98897,1.00,1.00
2017.09.12 12:02:59.021,7.98766,7.98897,1.00,1.00
2017.09.12 12:03:00.156,7.98777,7.98889,1.00,1.00
2017.09.12 12:03:00.467,7.98766,7.98878,1.00,1.00
2017.09.12 12:03:00.835,7.98775,7.98887,1.00,1.00
2017.09.12 12:03:01.405,7.98764,7.98876,1.00,1.00
2017.09.12 12:03:01.708,7.98775,7.98887,1.00,1.00
2017.09.12 12:03:02.015,7.98781,7.98893,1.00,1.00
2017.09.12 12:03:02.774,7.98786,7.98898,1.00,1.00
2017.09.12 12:03:03.079,7.98811,7.98923,1.00,1.00
2017.09.12 12:03:03.383,7.98784,7.98896,1.00,1.00
2017.09.12 12:03:03.968,7.9878,7.98891,1.00,1.00
2017.09.12 12:03:04.635,7.98776,7.98888,1.00,1.00
2017.09.12 12:03:04.686,7.98768,7.9888,1.00,1.00
2017.09.12 12:03:05.001,7.98747,7.98858,1.00,1.00
2017.09.12 12:03:05.052,7.98743,7.98855,1.00,1.00
2017.09.12 12:03:05.104,7.98749,7.98861,1.00,1.00
2017.09.12 12:03:05.594,7.98745,7.98857,1.00,1.00
2017.09.12 12:03:06.016,7.98743,7.98855,1.00,1.00
2017.09.12 12:03:06.351,7.98748,7.9886,1.00,1.00
2017.09.12 12:03:06.707,7.98753,7.98865,1.00,1.00
2017.09.12 12:03:07.033,7.98757,7.98868,1.00,1.00
2017.09.12 12:03:07.594,7.98739,7.98845,1.00,1.00
2017.09.12 12:03:07.645,7.98739,7.9885,1.00,1.00
2017.09.12 12:03:07.747,7.98724,7.98836,1.00,1.00
2017.09.12 12:03:07.798,7.98722,7.98823,1.00,1.00
2017.09.12 12:03:07.899,7.98709,7.9882,1.00,1.00
2017.09.12 12:03:08.001,7.98713,7.98824,1.00,1.00
2017.09.12 12:03:08.208,7.98708,7.9882,1.00,1.00
2017.09.12 12:03:08.384,7.98717,7.98829,1.00,1.00
2017.09.12 12:03:08.688,7.98744,7.98856,1.00,1.00
2017.09.12 12:03:09.657,7.98734,7.98846,1.00,1.00
2017.09.12 12:03:10.190,7.98735,7.98847,1.00,1.00
2017.09.12 12:03:10.393,7.98724,7.98837,1.00,1.00
2017.09.12 12:03:10.444,7.98709,7.98821,1.00,1.00
2017.09.12 12:03:10.748,7.98703,7.98814,1.00,1.00
2017.09.12 12:03:12.037,7.98705,7.98817,1.00,1.00
2017.09.12 12:03:12.275,7.98707,7.98818,1.00,1.00
2017.09.12 12:03:12.326,7.98709,7.98821,1.00,1.00
2017.09.12 12:03:12.934,7.98737,7.98849,1.00,1.00
2017.09.12 12:03:13.439,7.98741,7.98853,1.00,1.00
2017.09.12 12:03:14.050,7.98725,7.98827,1.00,1.00
2017.09.12 12:03:14.167,7.98723,7.98835,1.00,1.00
2017.09.12 12:03:14.220,7.98718,7.9883,1.00,1.00
2017.09.12 12:03:14.527,7.98741,7.98853,1.00,1.00
2017.09.12 12:03:14.886,7.98747,7.98859,1.00,1.00
2017.09.12 12:03:15.263,7.98743,7.98855,1.00,1.00
2017.09.12 12:03:15.985,7.98739,7.98851,1.00,1.00
2017.09.12 12:03:16.935,7.98743,7.98855,1.00,1.00
2017.09.12 12:03:17.411,7.98721,7.98816,1.00,1.00
2017.09.12 12:03:17.513,7.98687,7.98799,1.50,1.00
2017.09.12 12:03:17.614,7.98687,7.98794,1.00,1.00
2017.09.12 12:03:17.817,7.98682,7.98794,1.00,1.00
2017.09.12 12:03:18.332,7.98705,7.98816,1.00,1.00
2017.09.12 12:03:18.384,7.98701,7.98813,1.00,1.00
2017.09.12 12:03:18.536,7.98691,7.98802,1.00,1.00
2017.09.12 12:03:18.587,7.98683,7.98795,1.00,1.00
2017.09.12 12:03:18.638,7.98678,7.9879,1.00,1.00
2017.09.12 12:03:19.033,7.98683,7.98795,1.00,1.00
2017.09.12 12:03:19.499,7.98691,7.98801,1.00,1.00
2017.09.12 12:03:19.550,7.98703,7.98818,1.00,1.00
2017.09.12 12:03:19.600,7.98725,7.98837,1.00,1.00
2017.09.12 12:03:19.855,7.98745,7.98884,1.00,1.00
2017.09.12 12:03:19.906,7.98819,7.9892,1.00,1.00
2017.09.12 12:03:19.957,7.98823,7.98931,1.00,1.00
2017.09.12 12:03:20.079,7.9884,7.98931,1.00,1.00
2017.09.12 12:03:20.130,7.9884,7.98952,1.00,1.00
2017.09.12 12:03:20.181,7.98821,7.98933,1.00,1.00
2017.09.12 12:03:20.524,7.98817,7.98929,1.00,1.00
2017.09.12 12:03:20.828,7.98821,7.98933,1.00,1.00
2017.09.12 12:03:21.661,7.98832,7.98944,1.00,1.00
2017.09.12 12:03:21.962,7.98829,7.98941,1.00,1.00
2017.09.12 12:03:22.624,7.98823,7.98933,1.00,1.00
2017.09.12 12:03:22.675,7.98831,7.98942,1.00,1.00
2017.09.12 12:03:23.479,7.98837,7.98949,1.00,1.00
2017.09.12 12:03:23.783,7.98833,7.98945,1.00,1.00
2017.09.12 12:03:24.329,7.98843,7.98955,1.00,1.00
2017.09.12 12:03:24.858,7.98842,7.98954,1.00,1.00
2017.09.12 12:03:25.173,7.98858,7.98963,1.00,1.00
2017.09.12 12:03:25.295,7.98858,7.98969,1.00,1.00
2017.09.12 12:03:25.346,7.98853,7.98965,1.00,1.00
2017.09.12 12:03:25.511,7.98846,7.98958,1.00,1.00
2017.09.12 12:03:25.815,7.98818,7.98928,1.00,1.00
2017.09.12 12:03:26.058,7.98748,7.98872,1.00,1.00
2017.09.12 12:03:26.160,7.98741,7.98872,1.00,1.00
2017.09.12 12:03:26.211,7.98751,7.98862,1.00,1.00
2017.09.12 12:03:27.258,7.98763,7.98875,1.00,1.00
2017.09.12 12:03:27.309,7.98768,7.9888,1.00,1.00
2017.09.12 12:03:27.622,7.98764,7.98876,1.00,1.00
2017.09.12 12:03:27.971,7.98759,7.98871,1.00,1.00
2017.09.12 12:03:28.516,7.9876,7.98872,1.00,1.00
2017.09.12 12:03:29.303,7.98765,7.98876,1.00,1.00
2017.09.12 12:03:29.455,7.98758,7.9887,1.00,1.00
2017.09.12 12:03:29.733,7.98749,7.98861,1.00,1.00
2017.09.12 12:03:30.256,7.98745,7.98856,1.00,1.00
2017.09.12 12:03:30.358,7.98777,7.98889,1.00,1.00
2017.09.12 12:03:30.409,7.98789,7.98901,1.00,1.00
2017.09.12 12:03:30.743,7.98781,7.98893,1.00,1.00
2017.09.12 12:03:31.098,7.98776,7.98888,1.00,1.00
2017.09.12 12:03:31.403,7.98778,7.9889,1.00,1.00
2017.09.12 12:03:31.712,7.9878,7.98892,1.00,1.00
2017.09.12 12:03:32.051,7.98735,7.98847,1.00,1.00
2017.09.12 12:03:32.373,7.98751,7.98863,1.00,1.00
2017.09.12 12:03:33.206,7.98749,7.98861,1.00,1.00
2017.09.12 12:03:33.856,7.98738,7.9885,1.00,1.00
2017.09.12 12:03:34.249,7.98743,7.98855,1.00,1.00
2017.09.12 12:03:34.553,7.9875,7.98862,1.00,1.00
2017.09.12 12:03:34.913,7.98741,7.98853,1.00,1.00
2017.09.12 12:03:35.230,7.98732,7.98844,1.00,1.00
2017.09.12 12:03:35.588,7.98744,7.98856,1.00,1.00
2017.09.12 12:03:37.836,7.98736,7.98848,1.00,1.00
2017.09.12 12:03:39.826,7.98724,7.98836,1.00,1.00
2017.09.12 12:03:40.295,7.9872,7.98832,1.00,1.00
2017.09.12 12:03:41.664,7.98724,7.98834,1.00,1.00
2017.09.12 12:03:42.061,7.98719,7.98831,1.00,1.00
2017.09.12 12:03:42.112,7.98722,7.98834,1.00,1.00
2017.09.12 12:03:42.826,7.98709,7.9882,1.00,1.00
2017.09.12 12:03:42.877,7.98716,7.98828,1.00,1.00
2017.09.12 12:03:43.389,7.98706,7.98819,1.00,1.00
2017.09.12 12:03:43.440,7.9871,7.98823,1.00,1.00
2017.09.12 12:03:43.790,7.98687,7.98798,1.00,1.00
2017.09.12 12:03:43.943,7.98707,7.98819,1.00,1.00
2017.09.12 12:03:44.045,7.98743,7.98855,1.00,1.00
2017.09.12 12:03:44.401,7.98737,7.98849,1.00,1.00
2017.09.12 12:03:44.511,7.98729,7.98856,1.00,1.00
2017.09.12 12:03:44.566,7.98734,7.9885,1.00,1.00
2017.09.12 12:03:44.621,7.98724,7.9885,1.00,1.00
2017.09.12 12:03:44.805,7.98737,7.98867,1.00,1.00
2017.09.12 12:03:44.856,7.98742,7.98872,1.00,1.00
2017.09.12 12:03:45.164,7.98747,7.98875,1.00,1.00
2017.09.12 12:03:45.317,7.98722,7.98851,1.00,1.00
2017.09.12 12:03:45.368,7.9872,7.98849,1.00,1.00
2017.09.12 12:03:45.725,7.98735,7.98847,1.00,1.00
2017.09.12 12:03:46.019,7.98748,7.98861,1.00,1.00
2017.09.12 12:03:46.070,7.98753,7.98865,1.00,1.00
2017.09.12 12:03:46.376,7.98744,7.98854,1.00,1.00
2017.09.12 12:03:46.668,7.98728,7.9884,1.00,1.00
2017.09.12 12:03:46.719,7.98715,7.98827,1.00,1.00
2017.09.12 12:03:46.770,7.98716,7.98829,1.00,1.00
2017.09.12 12:03:46.822,7.98719,7.98831,1.00,1.00
2017.09.12 12:03:47.128,7.98721,7.98833,1.00,1.00
2017.09.12 12:03:47.452,7.98716,7.98828,1.00,1.00
2017.09.12 12:03:47.937,7.98721,7.98833,1.00,1.00
2017.09.12 12:03:48.242,7.98721,7.98849,1.00,1.00
2017.09.12 12:03:49.098,7.9872,7.98847,1.00,1.00
2017.09.12 12:03:49.368,7.9872,7.9885,1.00,1.00
2017.09.12 12:03:49.520,7.98732,7.98844,1.00,1.00
2017.09.12 12:03:50.113,7.98725,7.98837,1.00,1.00
2017.09.12 12:03:50.447,7.98712,7.98822,1.00,1.00
2017.09.12 12:03:50.752,7.98698,7.98808,1.00,1.00
2017.09.12 12:03:52.162,7.98696,7.98807,1.00,1.00
2017.09.12 12:03:52.264,7.98706,7.98817,1.00,1.00
2017.09.12 12:03:52.630,7.98723,7.98831,1.00,1.00
2017.09.12 12:03:52.717,7.98714,7.98825,1.00,1.00
2017.09.12 12:03:52.819,7.98702,7.98813,1.00,1.00
2017.09.12 12:03:53.134,7.98696,7.98807,1.00,1.00
2017.09.12 12:03:53.469,7.98708,7.98818,1.00,1.00
2017.09.12 12:03:53.774,7.98726,7.98837,1.00,1.00
2017.09.12 12:03:53.977,7.98702,7.98829,1.00,1.00
2017.09.12 12:03:54.079,7.98697,7.98825,1.00,1.00
2017.09.12 12:03:54.270,7.98707,7.98859,1.00,1.00
2017.09.12 12:03:54.321,7.98707,7.98876,1.75,1.00
2017.09.12 12:03:54.626,7.9881,7.98921,1.00,1.00
2017.09.12 12:03:54.931,7.9882,7.98931,1.00,1.00
2017.09.12 12:03:55.496,7.98824,7.98934,1.00,1.00
2017.09.12 12:03:55.597,7.98836,7.98947,1.00,1.00
2017.09.12 12:03:55.699,7.98843,7.98954,1.00,1.00
2017.09.12 12:03:57.361,7.98834,7.98944,1.00,1.00
2017.09.12 12:03:57.689,7.98822,7.98933,1.00,1.00
2017.09.12 12:03:58.337,7.98823,7.98933,1.00,1.00
2017.09.12 12:04:00.212,7.98819,7.9893,1.00,1.00
2017.09.12 12:04:00.263,7.98824,7.98934,1.00,1.00
2017.09.12 12:04:00.314,7.98826,7.98937,1.00,1.00
2017.09.12 12:04:00.634,7.98819,7.98931,1.00,1.00
2017.09.12 12:04:00.686,7.98816,7.98928,1.00,1.00
2017.09.12 12:04:01.554,7.98822,7.98934,1.00,1.00
2017.09.12 12:04:01.876,7.98836,7.98947,1.00,1.00
2017.09.12 12:04:01.927,7.98827,7.98939,1.00,1.00
2017.09.12 12:04:01.978,7.98835,7.98948,1.00,1.00
2017.09.12 12:04:02.029,7.98845,7.98957,1.00,1.00
2017.09.12 12:04:02.565,7.98849,7.98961,1.00,1.00
2017.09.12 12:04:03.664,7.98844,7.98956,1.00,1.00
2017.09.12 12:04:04.947,7.98848,7.9896,1.00,1.00
2017.09.12 12:04:05.271,7.98861,7.98973,1.00,1.00
2017.09.12 12:04:05.373,7.98872,7.98985,1.00,1.00
2017.09.12 12:04:05.424,7.98865,7.98977,1.00,1.00
2017.09.12 12:04:05.525,7.98857,7.9897,1.00,1.00
2017.09.12 12:04:06.046,7.98849,7.98962,1.00,1.00
2017.09.12 12:04:08.886,7.98853,7.98965,1.00,1.00
2017.09.12 12:04:09.644,7.98855,7.98967,1.00,1.00
2017.09.12 12:04:09.948,7.98884,7.98996,1.00,1.00
2017.09.12 12:04:11.680,7.98889,7.99001,1.00,1.50
2017.09.12 12:04:14.434,7.98905,7.99017,1.00,1.00
2017.09.12 12:04:14.738,7.98888,7.99,1.00,1.00
2017.09.12 12:04:15.245,7.98887,7.98999,1.00,1.00
2017.09.12 12:04:15.550,7.98896,7.99008,1.00,1.00
2017.09.12 12:04:15.755,7.98909,7.99022,1.00,1.00
2017.09.12 12:04:15.857,7.98905,7.99017,1.00,1.00
2017.09.12 12:04:16.702,7.98901,7.99014,1.00,1.00
2017.09.12 12:04:17.187,7.98893,7.99005,1.00,1.00
2017.09.12 12:04:18.490,7.98905,7.99017,1.00,1.00
2017.09.12 12:04:18.932,7.98915,7.99026,1.00,1.00
2017.09.12 12:04:19.491,7.98916,7.99029,1.00,1.00
2017.09.12 12:04:20.288,7.9891,7.99022,1.00,1.00
2017.09.12 12:04:20.592,7.98923,7.99035,1.00,1.00
2017.09.12 12:04:20.949,7.98907,7.99019,1.00,1.00
2017.09.12 12:04:21.203,7.98871,7.98986,1.00,1.00
2017.09.12 12:04:21.304,7.9886,7.98986,1.00,1.00
2017.09.12 12:04:21.507,7.98859,7.98969,1.00,1.00
2017.09.12 12:04:21.710,7.98857,7.98994,1.00,1.00
2017.09.12 12:04:21.761,7.98858,7.98999,1.00,1.00
2017.09.12 12:04:21.876,7.98857,7.98982,1.00,1.00
2017.09.12 12:04:22.192,7.98863,7.9899,1.00,1.00
2017.09.12 12:04:22.243,7.98889,7.99013,1.00,1.00
2017.09.12 12:04:22.294,7.98879,7.99004,1.00,1.00
2017.09.12 12:04:22.345,7.98889,7.99014,1.00,1.00
2017.09.12 12:04:22.650,7.9888,7.99005,1.00,1.00
2017.09.12 12:04:23.404,7.98882,7.99007,1.00,1.00
2017.09.12 12:04:24.177,7.98877,7.99001,1.00,1.00
2017.09.12 12:04:24.452,7.9888,7.99005,1.00,1.00
2017.09.12 12:04:25.720,7.98889,7.99013,1.00,1.00
2017.09.12 12:04:25.823,7.98921,7.99046,1.00,1.50
2017.09.12 12:04:25.874,7.9893,7.99046,1.00,1.00
2017.09.12 12:04:25.925,7.98922,7.99046,1.00,1.00
2017.09.12 12:04:25.976,7.98915,7.9904,1.00,1.00
2017.09.12 12:04:26.077,7.98922,7.99046,1.00,1.50
2017.09.12 12:04:26.331,7.98903,7.99028,1.00,1.00
2017.09.12 12:04:26.382,7.98887,7.99011,1.00,1.00
2017.09.12 12:04:26.433,7.98882,7.99007,1.00,1.00
2017.09.12 12:04:26.534,7.98893,7.99017,1.00,1.00
2017.09.12 12:04:26.585,7.98897,7.99022,1.00,1.00
2017.09.12 12:04:26.687,7.9891,7.99034,1.00,1.00
2017.09.12 12:04:27.032,7.98906,7.99018,1.00,1.00
2017.09.12 12:04:27.343,7.98894,7.99006,1.00,1.00
2017.09.12 12:04:27.696,7.98885,7.98999,1.00,1.00
2017.09.12 12:04:28.883,7.98885,7.98997,1.00,1.00
2017.09.12 12:04:30.524,7.98872,7.98984,1.00,1.00
2017.09.12 12:04:30.858,7.9888,7.98992,1.00,1.00
2017.09.12 12:04:31.304,7.98876,7.98988,1.00,1.00
2017.09.12 12:04:31.654,7.98849,7.98961,1.00,1.00
2017.09.12 12:04:32.278,7.98853,7.98963,1.00,1.00
2017.09.12 12:04:32.586,7.98866,7.98976,1.00,1.00
2017.09.12 12:04:32.638,7.98868,7.9898,1.00,1.00
2017.09.12 12:04:32.791,7.98872,7.98984,1.00,1.00
2017.09.12 12:04:33.096,7.98886,7.98996,1.00,1.00
2017.09.12 12:04:33.873,7.98889,7.99001,1.00,1.00
2017.09.12 12:04:34.147,7.98882,7.99001,1.00,1.00
2017.09.12 12:04:34.249,7.98847,7.98965,1.00,1.00
2017.09.12 12:04:34.554,7.98813,7.98931,1.00,1.00
2017.09.12 12:04:35.722,7.98826,7.98936,1.00,1.00
2017.09.12 12:04:36.229,7.98829,7.98939,1.00,1.00
2017.09.12 12:04:36.484,7.98832,7.98954,1.00,1.00
2017.09.12 12:04:36.838,7.98826,7.98948,1.00,1.00
2017.09.12 12:04:37.232,7.98831,7.98952,1.00,1.00
2017.09.12 12:04:37.745,7.98824,7.98945,1.00,1.00
2017.09.12 12:04:37.999,7.98817,7.98939,1.00,1.00
2017.09.12 12:04:38.049,7.98815,7.98937,1.00,1.00
2017.09.12 12:04:38.657,7.98831,7.98946,1.00,1.00
2017.09.12 12:04:39.097,7.98833,7.98956,1.00,1.00
2017.09.12 12:04:39.148,7.98868,7.98971,1.00,1.00
2017.09.12 12:04:39.199,7.98874,7.98984,1.00,1.00
2017.09.12 12:04:39.250,7.98876,7.98997,1.00,1.00
2017.09.12 12:04:39.301,7.98881,7.99,1.00,1.50
2017.09.12 12:04:40.294,7.989,7.99021,1.00,1.50
2017.09.12 12:04:40.394,7.98905,7.99026,1.00,1.00
2017.09.12 12:04:40.760,7.9892,7.9903,1.00,1.00
2017.09.12 12:04:41.740,7.98918,7.99029,1.00,1.00
2017.09.12 12:04:42.089,7.98923,7.99034,1.00,1.00
2017.09.12 12:04:42.393,7.98932,7.99042,1.00,1.00
2017.09.12 12:04:42.940,7.9892,7.99031,1.00,1.00
2017.09.12 12:04:43.677,7.98918,7.99028,1.00,1.00
2017.09.12 12:04:44.125,7.98946,7.99057,1.00,1.00
2017.09.12 12:04:44.176,7.98945,7.99072,1.00,1.00
2017.09.12 12:04:44.227,7.98937,7.99046,1.00,1.00
2017.09.12 12:04:44.347,7.98941,7.9907,1.00,1.00
2017.09.12 12:04:44.398,7.98939,7.9905,1.00,1.00
2017.09.12 12:04:44.869,7.98929,7.9904,1.00,1.00
2017.09.12 12:04:45.123,7.98917,7.99034,1.00,1.00
2017.09.12 12:04:45.326,7.98925,7.99041,1.00,1.00
2017.09.12 12:04:45.428,7.98918,7.99035,1.00,1.00
2017.09.12 12:04:45.479,7.9891,7.99027,1.00,1.00
2017.09.12 12:04:45.940,7.9892,7.99038,1.00,1.00
2017.09.12 12:04:46.949,7.9892,7.99039,1.00,1.00
2017.09.12 12:04:47.316,7.98914,7.99026,1.00,1.00
2017.09.12 12:04:47.620,7.98896,7.99006,1.00,1.00
2017.09.12 12:04:47.671,7.98897,7.99008,1.00,1.00
2017.09.12 12:04:47.874,7.98885,7.98996,1.00,1.00
2017.09.12 12:04:48.214,7.98877,7.98988,1.00,1.00
2017.09.12 12:04:48.522,7.98891,7.99,1.00,1.00
2017.09.12 12:04:48.623,7.98907,7.99039,1.00,1.00
2017.09.12 12:04:48.775,7.98936,7.99047,1.00,1.00
2017.09.12 12:04:50.270,7.98924,7.99039,1.00,1.00
2017.09.12 12:04:51.259,7.98923,7.99038,1.00,1.00
2017.09.12 12:04:51.872,7.98934,7.99045,1.00,1.00
2017.09.12 12:04:53.273,7.98937,7.99048,1.00,1.00
2017.09.12 12:04:53.394,7.98925,7.99042,1.00,1.00
2017.09.12 12:04:53.704,7.98922,7.99038,1.00,1.00
2017.09.12 12:04:53.805,7.98924,7.99041,1.00,1.00
2017.09.12 12:04:54.836,7.98921,7.99038,1.00,1.00
2017.09.12 12:04:55.176,7.98932,7.99049,1.00,1.00
2017.09.12 12:04:55.713,7.98929,7.99046,1.00,1.00
2017.09.12 12:04:56.778,7.98934,7.99051,1.00,1.00
2017.09.12 12:04:56.829,7.98932,7.99051,1.00,1.00
2017.09.12 12:04:57.474,7.98928,7.99047,1.00,1.00
2017.09.12 12:04:58.389,7.98932,7.99051,1.00,1.00
2017.09.12 12:04:59.838,7.98923,7.99042,1.00,1.00
2017.09.12 12:05:00.175,7.98919,7.99038,1.00,1.00
2017.09.12 12:05:00.504,7.98923,7.99042,1.00,1.00
2017.09.12 12:05:00.811,7.98964,7.99075,1.00,1.00
2017.09.12 12:05:01.115,7.98968,7.99077,1.00,1.00
2017.09.12 12:05:01.268,7.98957,7.99068,1.00,1.00
2017.09.12 12:05:01.471,7.9896,7.99072,1.00,1.00
2017.09.12 12:05:02.018,7.98966,7.99077,1.00,1.00
2017.09.12 12:05:02.171,7.98956,7.99068,1.00,1.00
2017.09.12 12:05:02.222,7.98958,7.99069,1.00,1.00
2017.09.12 12:05:02.527,7.98966,7.99077,1.00,1.00
2017.09.12 12:05:02.877,7.98962,7.99073,1.00,1.00
2017.09.12 12:05:03.029,7.98947,7.99059,1.00,1.00
2017.09.12 12:05:03.131,7.98942,7.99054,1.00,1.00
2017.09.12 12:05:03.435,7.98931,7.99041,1.00,1.00
2017.09.12 12:05:04.212,7.98927,7.99039,1.00,1.00
2017.09.12 12:05:04.415,7.98933,7.99045,1.00,1.00
2017.09.12 12:05:04.721,7.98929,7.99041,1.00,1.00
2017.09.12 12:05:05.049,7.98922,7.99034,1.00,1.00
2017.09.12 12:05:05.303,7.98892,7.99005,1.00,1.00
2017.09.12 12:05:06.312,7.9889,7.99003,1.00,1.00
2017.09.12 12:05:06.617,7.98877,7.98989,1.00,1.00
2017.09.12 12:05:07.067,7.9888,7.98992,1.00,1.00
2017.09.12 12:05:07.528,7.98891,7.99003,1.00,1.00
2017.09.12 12:05:07.832,7.98882,7.98994,1.00,1.00
2017.09.12 12:05:08.325,7.98879,7.98991,1.00,1.00
2017.09.12 12:05:08.640,7.98883,7.98995,1.00,1.00
2017.09.12 12:05:08.978,7.98887,7.98999,1.00,1.00
2017.09.12 12:05:09.381,7.98892,7.99003,1.00,1.00
2017.09.12 12:05:09.432,7.98904,7.99016,1.00,1.00
2017.09.12 12:05:09.483,7.98907,7.99019,1.00,1.00
2017.09.12 12:05:09.787,7.98895,7.99007,1.00,1.00
2017.09.12 12:05:10.099,7.98892,7.99003,1.00,1.00
2017.09.12 12:05:10.245,7.98899,7.99011,1.00,1.00
2017.09.12 12:05:10.922,7.989,7.99011,1.00,1.00
2017.09.12 12:05:11.470,7.98904,7.99014,1.00,1.00
2017.09.12 12:05:11.805,7.98899,7.9901,1.00,1.00
2017.09.12 12:05:11.908,7.98908,7.99017,1.00,1.00
2017.09.12 12:05:12.269,7.98911,7.99022,1.00,1.00
2017.09.12 12:05:13.489,7.98908,7.99017,1.00,1.00
2017.09.12 12:05:13.540,7.98923,7.99034,1.00,1.00
2017.09.12 12:05:13.591,7.98926,7.99037,1.00,1.00
2017.09.12 12:05:13.894,7.98951,7.9906,1.00,1.00
2017.09.12 12:05:13.945,7.98945,7.99056,1.00,1.00
2017.09.12 12:05:14.418,7.9894,7.99051,1.00,1.00
2017.09.12 12:05:14.570,7.98937,7.99069,1.00,1.00
2017.09.12 12:05:14.700,7.98931,7.99063,1.00,1.00
2017.09.12 12:05:15.212,7.98931,7.99064,1.00,1.00
2017.09.12 12:05:17.867,7.98957,7.99068,1.00,1.00
2017.09.12 12:05:17.918,7.98996,7.99108,1.00,1.00
2017.09.12 12:05:19.146,7.99005,7.99117,1.00,1.00
2017.09.12 12:05:20.928,7.98997,7.99109,1.00,1.00
2017.09.12 12:05:21.233,7.99003,7.99114,1.00,1.00
2017.09.12 12:05:21.638,7.99,7.99111,1.00,1.00
2017.09.12 12:05:22.146,7.98989,7.991,1.00,1.00
2017.09.12 12:05:22.450,7.98993,7.99104,1.00,1.00
2017.09.12 12:05:22.830,7.98998,7.99109,1.00,1.00
2017.09.12 12:05:23.281,7.99004,7.99115,1.00,1.00
2017.09.12 12:05:24.254,7.99009,7.9912,1.00,1.00
2017.09.12 12:05:24.305,7.99013,7.99125,1.00,1.00
2017.09.12 12:05:26.646,7.99009,7.99121,1.00,1.00
2017.09.12 12:05:26.948,7.98985,7.99096,1.00,1.00
2017.09.12 12:05:27.387,7.98994,7.99105,1.00,1.00
2017.09.12 12:05:27.908,7.98993,7.99104,1.00,1.00
2017.09.12 12:05:28.409,7.99002,7.99113,1.00,1.00
2017.09.12 12:05:28.761,7.99004,7.99116,1.00,1.00
2017.09.12 12:05:29.279,7.98985,7.99096,1.00,1.00
2017.09.12 12:05:29.605,7.98981,7.99092,1.00,1.00
2017.09.12 12:05:29.902,7.98987,7.99099,1.00,1.00
2017.09.12 12:05:31.573,7.99002,7.99111,1.00,1.00
2017.09.12 12:05:31.624,7.9901,7.99121,1.00,1.00
2017.09.12 12:05:31.675,7.98999,7.9911,1.00,1.00
2017.09.12 12:05:32.197,7.98998,7.99109,1.00,1.00
2017.09.12 12:05:32.894,7.98995,7.99106,1.00,1.00
2017.09.12 12:05:32.995,7.98989,7.99101,1.00,1.00
2017.09.12 12:05:33.829,7.98995,7.99106,1.00,1.00
2017.09.12 12:05:33.881,7.98999,7.99111,1.00,1.00
2017.09.12 12:05:33.932,7.99011,7.99122,1.00,1.00
2017.09.12 12:05:34.260,7.98999,7.99108,1.00,1.00
2017.09.12 12:05:34.312,7.99002,7.99113,1.00,1.00
2017.09.12 12:05:34.363,7.99014,7.99126,1.00,1.00
2017.09.12 12:05:35.014,7.99021,7.99132,1.00,1.00
2017.09.12 12:05:36.335,7.99012,7.99123,1.00,1.00
2017.09.12 12:05:36.698,7.98993,7.99104,1.00,1.00
2017.09.12 12:05:37.028,7.98996,7.99107,1.00,1.00
2017.09.12 12:05:37.368,7.98989,7.991,1.00,1.00
2017.09.12 12:05:38.028,7.98984,7.99096,1.00,1.00
2017.09.12 12:05:38.435,7.98986,7.99097,1.00,1.00
2017.09.12 12:05:39.625,7.98978,7.99089,1.00,1.00
2017.09.12 12:05:39.964,7.98975,7.99086,1.00,1.00
2017.09.12 12:05:40.268,7.98956,7.99067,1.00,1.00
2017.09.12 12:05:40.572,7.98941,7.99052,1.00,1.00
2017.09.12 12:05:41.345,7.98936,7.99047,1.00,1.00
2017.09.12 12:05:41.690,7.98912,7.99022,1.00,1.00
2017.09.12 12:05:41.843,7.98908,7.99019,1.00,1.00
2017.09.12 12:05:41.895,7.9891,7.9902,1.00,1.00
2017.09.12 12:05:42.099,7.98891,7.99002,1.00,1.00
2017.09.12 12:05:42.151,7.98898,7.99009,1.00,1.00
2017.09.12 12:05:42.457,7.98914,7.99025,1.00,1.00
2017.09.12 12:05:43.155,7.98907,7.99017,1.00,1.00
2017.09.12 12:05:43.206,7.98896,7.99007,1.00,1.00
2017.09.12 12:05:43.409,7.98893,7.99004,1.00,1.00
2017.09.12 12:05:43.867,7.9891,7.99021,1.00,1.00
2017.09.12 12:05:44.170,7.98894,7.99005,1.00,1.00
2017.09.12 12:05:44.475,7.98888,7.98999,1.00,1.00
2017.09.12 12:05:44.576,7.98859,7.98997,1.50,1.00
2017.09.12 12:05:45.338,7.9886,7.98997,1.00,1.00
2017.09.12 12:05:45.613,7.98859,7.98989,1.00,1.00
2017.09.12 12:05:45.851,7.9885,7.98989,1.00,1.00
2017.09.12 12:05:46.196,7.98842,7.98978,1.00,1.00
2017.09.12 12:05:46.501,7.98808,7.98931,1.00,1.00
2017.09.12 12:05:46.877,7.98804,7.98915,1.00,1.00
2017.09.12 12:05:47.831,7.98816,7.98927,1.00,1.00
2017.09.12 12:05:49.161,7.98806,7.98917,1.00,1.00
2017.09.12 12:05:50.150,7.98812,7.98923,1.00,1.00
2017.09.12 12:05:50.727,7.98807,7.98918,1.00,1.00
2017.09.12 12:05:51.162,7.98802,7.98913,1.00,1.00
2017.09.12 12:05:51.415,7.9878,7.98892,1.00,1.00
2017.09.12 12:05:52.309,7.98771,7.98869,1.00,1.00
2017.09.12 12:05:52.360,7.98771,7.98881,1.00,1.00
2017.09.12 12:05:52.904,7.9877,7.98881,1.00,1.00
2017.09.12 12:05:53.667,7.98767,7.98876,1.00,1.00
2017.09.12 12:05:54.055,7.98757,7.98868,1.00,1.00
2017.09.12 12:05:55.288,7.9877,7.98881,1.00,1.00
2017.09.12 12:05:55.339,7.9878,7.98904,1.00,1.00
2017.09.12 12:05:55.441,7.98777,7.98888,1.00,1.00
2017.09.12 12:05:55.799,7.98768,7.98879,1.00,1.00
2017.09.12 12:05:55.900,7.98758,7.9887,1.00,1.00
2017.09.12 12:05:55.951,7.98766,7.98879,1.00,1.00
2017.09.12 12:05:56.154,7.98758,7.9887,1.00,1.00
2017.09.12 12:05:56.457,7.9875,7.98861,1.00,1.00
2017.09.12 12:05:56.832,7.98754,7.98866,1.00,1.00
2017.09.12 12:05:56.883,7.98756,7.98867,1.00,1.00
2017.09.12 12:05:57.229,7.98758,7.98869,1.00,1.00
2017.09.12 12:05:57.661,7.98767,7.98879,1.00,1.00
2017.09.12 12:05:58.223,7.98781,7.9889,1.00,1.00
2017.09.12 12:05:58.274,7.98789,7.98901,1.00,1.00
2017.09.12 12:05:58.832,7.98787,7.98898,1.00,1.00
2017.09.12 12:05:59.410,7.98795,7.98907,1.00,1.00
2017.09.12 12:05:59.512,7.98799,7.98911,1.00,1.00
2017.09.12 12:05:59.900,7.9879,7.98902,1.00,1.00
2017.09.12 12:06:00.094,7.98804,7.98922,1.00,1.00
2017.09.12 12:06:00.247,7.98809,7.98927,1.00,1.00
2017.09.12 12:06:00.610,7.98803,7.98921,1.00,1.00
2017.09.12 12:06:00.913,7.98757,7.98859,1.00,1.00
2017.09.12 12:06:01.039,7.98747,7.98859,1.00,1.00
2017.09.12 12:06:01.545,7.98758,7.98869,1.00,1.00
2017.09.12 12:06:01.698,7.98766,7.98878,1.00,1.00
2017.09.12 12:06:02.289,7.98758,7.98869,1.00,1.00
2017.09.12 12:06:02.340,7.98768,7.9888,1.00,1.00
2017.09.12 12:06:02.788,7.98752,7.98864,1.00,1.00
2017.09.12 12:06:03.092,7.98762,7.98873,1.00,1.00
2017.09.12 12:06:03.273,7.98786,7.98898,1.00,1.00
2017.09.12 12:06:03.375,7.9879,7.98902,1.00,1.00
2017.09.12 12:06:03.679,7.9878,7.98892,1.00,1.00
2017.09.12 12:06:03.985,7.98776,7.98887,1.00,1.00
2017.09.12 12:06:04.339,7.9877,7.98881,1.00,1.00
2017.09.12 12:06:05.091,7.98775,7.98886,1.00,1.00
2017.09.12 12:06:05.395,7.98832,7.98937,1.00,1.00
2017.09.12 12:06:05.563,7.98921,7.99032,1.00,1.00
2017.09.12 12:06:05.715,7.98929,7.9904,1.00,1.00
2017.09.12 12:06:05.817,7.98933,7.99045,1.00,1.00
2017.09.12 12:06:05.868,7.98946,7.99058,1.00,1.00
2017.09.12 12:06:06.172,7.98961,7.99072,1.00,1.00
2017.09.12 12:06:06.511,7.98965,7.99076,1.00,1.00
2017.09.12 12:06:06.562,7.98961,7.99073,1.00,1.00
2017.09.12 12:06:06.613,7.98947,7.99059,1.00,1.00
2017.09.12 12:06:07.530,7.98962,7.99073,1.00,1.00
2017.09.12 12:06:08.090,7.98931,7.99034,1.00,1.00
2017.09.12 12:06:08.140,7.98908,7.99034,1.50,1.00
2017.09.12 12:06:08.242,7.98907,7.99018,1.00,1.00
2017.09.12 12:06:08.344,7.98898,7.9901,1.00,1.00
2017.09.12 12:06:08.395,7.98908,7.99019,1.00,1.00
2017.09.12 12:06:08.616,7.98887,7.99013,1.00,1.00
2017.09.12 12:06:08.819,7.98903,7.99037,1.00,1.00
2017.09.12 12:06:08.920,7.98903,7.99013,1.00,1.00
2017.09.12 12:06:09.123,7.98899,7.99011,1.00,1.00
2017.09.12 12:06:09.527,7.98897,7.99008,1.00,1.00
2017.09.12 12:06:09.831,7.98888,7.98999,1.00,1.00
2017.09.12 12:06:09.882,7.98891,7.99014,1.00,1.00
2017.09.12 12:06:10.016,7.98948,7.9906,1.00,1.00
2017.09.12 12:06:10.321,7.98968,7.9908,1.00,1.00
2017.09.12 12:06:10.625,7.98952,7.99063,1.00,1.00
2017.09.12 12:06:11.030,7.98957,7.99066,1.00,1.00
2017.09.12 12:06:11.132,7.9896,7.99072,1.00,1.00
2017.09.12 12:06:11.183,7.98957,7.99068,1.00,1.00
2017.09.12 12:06:11.398,7.98952,7.99064,1.00,1.00
2017.09.12 12:06:11.899,7.98937,7.99049,1.00,1.00
2017.09.12 12:06:12.409,7.98934,7.99045,1.00,1.00
2017.09.12 12:06:13.480,7.98946,7.99057,1.00,1.00
2017.09.12 12:06:13.531,7.98953,7.99065,1.00,1.00
2017.09.12 12:06:14.038,7.98944,7.99055,1.00,1.00
2017.09.12 12:06:14.090,7.98911,7.99052,1.00,1.00
2017.09.12 12:06:14.141,7.98912,7.99035,1.00,1.00
2017.09.12 12:06:14.434,7.98907,7.99032,1.00,1.00
2017.09.12 12:06:14.486,7.98898,7.99023,1.00,1.00
2017.09.12 12:06:14.791,7.98935,7.99072,1.00,1.00
2017.09.12 12:06:14.842,7.98947,7.99059,1.00,1.00
2017.09.12 12:06:14.893,7.98946,7.99085,1.00,1.00
2017.09.12 12:06:14.944,7.98985,7.99097,1.00,1.00
2017.09.12 12:06:15.277,7.98996,7.99108,1.00,1.00
2017.09.12 12:06:15.610,7.98994,7.99105,1.00,1.00
2017.09.12 12:06:15.954,7.99015,7.99126,1.00,1.00
2017.09.12 12:06:16.412,7.98997,7.99106,1.00,1.00
2017.09.12 12:06:16.463,7.99005,7.99116,1.00,1.00
2017.09.12 12:06:16.514,7.98995,7.99106,1.00,1.00
2017.09.12 12:06:16.818,7.98985,7.99095,1.00,1.00
2017.09.12 12:06:17.310,7.98946,7.99074,1.00,1.00
2017.09.12 12:06:17.427,7.98935,7.99074,1.00,1.00
2017.09.12 12:06:17.478,7.98917,7.99056,1.00,1.00
2017.09.12 12:06:18.381,7.98917,7.9904,1.00,1.00
2017.09.12 12:06:18.904,7.98913,7.99035,1.00,1.00
2017.09.12 12:06:19.217,7.98909,7.99031,1.00,1.00
2017.09.12 12:06:19.549,7.98916,7.99028,1.00,1.00
2017.09.12 12:06:21.308,7.98904,7.99016,1.00,1.00
2017.09.12 12:06:21.659,7.98898,7.99009,1.00,1.00
2017.09.12 12:06:22.367,7.98893,7.99004,1.00,1.00
2017.09.12 12:06:22.671,7.98889,7.99,1.00,1.00
2017.09.12 12:06:23.154,7.98876,7.98987,1.00,1.00
2017.09.12 12:06:23.459,7.98882,7.98993,1.00,1.00
2017.09.12 12:06:23.796,7.98892,7.99003,1.00,1.00
2017.09.12 12:06:24.152,7.98888,7.98999,1.00,1.00
2017.09.12 12:06:24.457,7.98915,7.99026,1.00,1.00
2017.09.12 12:06:24.772,7.98911,7.99022,1.00,1.00
2017.09.12 12:06:25.099,7.98906,7.99017,1.00,1.00
2017.09.12 12:06:26.101,7.989,7.99011,1.00,1.00
2017.09.12 12:06:26.405,7.98916,7.99027,1.00,1.00
2017.09.12 12:06:26.996,7.98915,7.99026,1.00,1.00
2017.09.12 12:06:28.356,7.98921,7.9903,1.00,1.00
2017.09.12 12:06:28.408,7.98928,7.9904,1.00,1.00
2017.09.12 12:06:28.459,7.98933,7.99044,1.00,1.00
2017.09.12 12:06:28.792,7.9897,7.99081,1.00,1.00
2017.09.12 12:06:29.046,7.98979,7.99091,1.00,1.00
2017.09.12 12:06:29.147,7.98975,7.99087,1.00,1.00
2017.09.12 12:06:29.471,7.98967,7.99078,1.00,1.00
2017.09.12 12:06:29.997,7.98966,7.99078,1.00,1.00
2017.09.12 12:06:30.707,7.98958,7.99069,1.00,1.00
2017.09.12 12:06:31.630,7.98968,7.99077,1.00,1.00
2017.09.12 12:06:33.215,7.98961,7.99072,1.00,1.00
2017.09.12 12:06:34.392,7.98956,7.99073,1.00,1.00
2017.09.12 12:06:34.515,7.98972,7.99081,1.00,1.00
2017.09.12 12:06:34.718,7.98982,7.99093,1.00,1.00
2017.09.12 12:06:34.769,7.98992,7.991,1.00,1.00
2017.09.12 12:06:34.870,7.98992,7.99103,1.00,1.00
2017.09.12 12:06:35.123,7.99001,7.99112,1.00,1.00
2017.09.12 12:06:36.475,7.98999,7.9911,1.00,1.00
2017.09.12 12:06:40.517,7.9901,7.99121,1.00,1.00
2017.09.12 12:06:41.225,7.99002,7.99113,1.00,1.00
2017.09.12 12:06:41.731,7.99002,7.99114,1.00,1.00
2017.09.12 12:06:43.717,7.98996,7.99108,1.00,1.00
2017.09.12 12:06:44.077,7.99004,7.99115,1.00,1.00
2017.09.12 12:06:47.738,7.99012,7.99121,1.00,1.00
2017.09.12 12:06:48.042,7.99021,7.9913,1.00,1.00
2017.09.12 12:06:49.453,7.99022,7.99133,1.00,1.00
2017.09.12 12:06:51.012,7.99025,7.99136,1.00,1.00
2017.09.12 12:06:51.360,7.99015,7.99126,1.00,1.00
2017.09.12 12:06:53.478,7.99017,7.99128,1.00,1.00
2017.09.12 12:06:53.782,7.99035,7.99146,1.00,1.00
2017.09.12 12:06:56.223,7.99029,7.9914,1.00,1.00
2017.09.12 12:06:57.015,7.99019,7.99139,1.00,1.00
2017.09.12 12:06:58.709,7.99019,7.9914,1.00,1.00
2017.09.12 12:06:59.013,7.99019,7.99142,1.00,1.00
2017.09.12 12:06:59.064,7.99025,7.99148,1.00,1.00
2017.09.12 12:06:59.819,7.99036,7.99158,1.00,1.00
2017.09.12 12:06:59.870,7.9904,7.99164,1.00,1.00
2017.09.12 12:07:00.028,7.99045,7.99169,1.00,1.00
2017.09.12 12:07:00.130,7.99032,7.99169,1.00,1.00
2017.09.12 12:07:00.180,7.99032,7.99165,1.00,1.00
2017.09.12 12:07:00.486,7.99028,7.99139,1.00,1.00
2017.09.12 12:07:01.007,7.99037,7.99148,1.00,1.00
2017.09.12 12:07:01.108,7.99031,7.99166,1.00,1.00
2017.09.12 12:07:01.159,7.99086,7.99198,1.00,1.00
2017.09.12 12:07:01.507,7.99098,7.99209,1.00,1.00
2017.09.12 12:07:02.098,7.99086,7.99197,1.00,1.00
2017.09.12 12:07:02.250,7.99062,7.99174,1.00,1.00
2017.09.12 12:07:02.301,7.99039,7.99171,1.00,1.00
2017.09.12 12:07:02.403,7.99032,7.99171,1.00,1.00
2017.09.12 12:07:02.925,7.99031,7.99171,1.00,1.00
2017.09.12 12:07:03.945,7.99032,7.99172,1.00,1.00
2017.09.12 12:07:03.996,7.99041,7.99179,1.00,1.00
2017.09.12 12:07:04.047,7.99045,7.99186,1.00,1.00
2017.09.12 12:07:04.199,7.99049,7.99161,1.00,1.00
2017.09.12 12:07:04.301,7.99066,7.99179,1.00,1.00
2017.09.12 12:07:04.463,7.99074,7.99186,1.00,1.00
2017.09.12 12:07:04.766,7.99064,7.99176,1.00,1.00
2017.09.12 12:07:05.318,7.99068,7.9918,1.00,1.00
2017.09.12 12:07:05.960,7.99061,7.99174,1.00,1.00
2017.09.12 12:07:06.062,7.99047,7.99159,1.00,1.00
2017.09.12 12:07:06.163,7.99058,7.99171,1.00,1.00
2017.09.12 12:07:06.417,7.99044,7.99173,1.00,1.00
2017.09.12 12:07:06.468,7.99044,7.99156,1.00,1.00
2017.09.12 12:07:06.518,7.99033,7.99146,1.00,1.00
2017.09.12 12:07:06.569,7.99045,7.99157,1.00,1.00
2017.09.12 12:07:08.110,7.99034,7.99146,1.00,1.00
2017.09.12 12:07:09.032,7.9902,7.99132,1.00,1.00
2017.09.12 12:07:09.377,7.99016,7.99128,1.00,1.00
2017.09.12 12:07:09.694,7.99021,7.99131,1.00,1.00
2017.09.12 12:07:09.795,7.99024,7.99136,1.00,1.00
2017.09.12 12:07:09.846,7.99035,7.99147,1.00,1.00
2017.09.12 12:07:12.067,7.99036,7.99148,1.00,1.00
2017.09.12 12:07:13.980,7.99035,7.99145,1.37,1.00
2017.09.12 12:07:16.108,7.99038,7.9915,1.12,1.00
2017.09.12 12:07:16.468,7.99034,7.99146,1.37,1.00
2017.09.12 12:07:16.810,7.99023,7.99135,1.37,1.00
2017.09.12 12:07:17.157,7.99018,7.99128,1.37,1.00
2017.09.12 12:07:17.411,7.99018,7.99128,1.12,1.00
2017.09.12 12:07:17.867,7.99022,7.99134,1.00,1.00
2017.09.12 12:07:19.560,7.99011,7.99123,1.37,1.00
2017.09.12 12:07:19.612,7.99017,7.99129,1.37,1.00
2017.09.12 12:07:19.918,7.99023,7.99135,1.00,1.00
2017.09.12 12:07:19.969,7.99034,7.99146,1.00,1.00
2017.09.12 12:07:20.330,7.99038,7.9915,1.00,1.00
2017.09.12 12:07:21.324,7.99034,7.99146,1.00,1.00
2017.09.12 12:07:26.226,7.99024,7.99136,1.37,1.00
2017.09.12 12:07:26.537,7.99019,7.99131,1.37,1.00
2017.09.12 12:07:26.728,7.99012,7.99122,1.00,1.00
2017.09.12 12:07:26.779,7.99005,7.99117,1.12,1.00
2017.09.12 12:07:26.931,7.99001,7.99114,1.37,1.00
2017.09.12 12:07:27.262,7.98996,7.99106,1.37,1.00
2017.09.12 12:07:31.655,7.99002,7.99115,1.37,1.00
2017.09.12 12:07:31.707,7.99013,7.99125,1.00,1.00
2017.09.12 12:07:32.111,7.99017,7.99129,1.00,1.00
2017.09.12 12:07:32.333,7.9901,7.99141,1.00,1.00
2017.09.12 12:07:33.101,7.98998,7.9911,1.37,1.00
2017.09.12 12:07:33.593,7.98998,7.9914,1.37,1.00
2017.09.12 12:07:33.733,7.99015,7.9914,1.00,1.00
2017.09.12 12:07:34.047,7.9902,7.99145,1.00,1.00
2017.09.12 12:07:34.512,7.99024,7.99147,1.00,1.00
2017.09.12 12:07:34.896,7.99028,7.99151,1.00,1.00
2017.09.12 12:07:35.846,7.99046,7.99168,1.37,1.00
2017.09.12 12:07:35.897,7.99057,7.9918,1.37,1.00
2017.09.12 12:07:36.353,7.99056,7.99178,1.37,1.00
2017.09.12 12:07:36.700,7.9905,7.99172,1.37,1.00
2017.09.12 12:07:36.972,7.99059,7.99181,1.37,1.00
2017.09.12 12:07:37.174,7.99053,7.99173,1.37,1.00
2017.09.12 12:07:37.780,7.9906,7.9918,1.37,1.00
2017.09.12 12:07:38.233,7.9906,7.9918,1.00,1.00
2017.09.12 12:07:39.477,7.99048,7.99168,1.37,1.00
2017.09.12 12:07:39.806,7.99042,7.99163,1.37,1.00
2017.09.12 12:07:40.325,7.99032,7.99151,1.37,1.00
2017.09.12 12:07:41.103,7.99037,7.99158,1.37,1.00
2017.09.12 12:07:41.154,7.99056,7.99177,1.37,1.00
2017.09.12 12:07:41.205,7.9906,7.99181,1.00,1.00
2017.09.12 12:07:41.256,7.99052,7.99173,1.37,1.00
2017.09.12 12:07:41.605,7.99043,7.99164,1.37,1.00
2017.09.12 12:07:42.105,7.99046,7.99157,1.37,1.00
2017.09.12 12:07:42.786,7.99046,7.99157,1.37,1.00
2017.09.12 12:07:44.853,7.99035,7.99146,1.37,1.00
2017.09.12 12:07:45.082,7.99039,7.9915,1.37,1.00
2017.09.12 12:07:45.579,7.99031,7.99142,1.37,1.00
2017.09.12 12:07:46.033,7.9903,7.99142,1.37,1.00
2017.09.12 12:07:47.074,7.99044,7.99156,1.00,1.00
2017.09.12 12:07:47.175,7.99049,7.99159,1.00,1.00
2017.09.12 12:07:47.943,7.99049,7.99159,1.37,1.00
2017.09.12 12:07:49.023,7.99032,7.99164,1.37,1.00
2017.09.12 12:07:49.235,7.99032,7.99164,1.75,1.00
2017.09.12 12:07:49.336,7.99036,7.99168,1.37,1.00
2017.09.12 12:07:50.004,7.99047,7.99157,1.37,1.00
2017.09.12 12:07:50.546,7.99047,7.99157,1.37,1.00
2017.09.12 12:07:51.047,7.99054,7.99166,1.37,1.00
2017.09.12 12:07:51.663,7.99063,7.99175,1.00,1.00
2017.09.12 12:07:52.713,7.99065,7.99177,1.00,1.00
2017.09.12 12:07:55.687,7.99069,7.99181,1.00,1.00
2017.09.12 12:07:56.046,7.99058,7.9917,1.37,1.00
2017.09.12 12:07:56.385,7.99058,7.9917,1.37,1.00
2017.09.12 12:07:57.135,7.9906,7.99172,1.37,1.00
2017.09.12 12:07:57.528,7.99071,7.99183,1.12,1.00
2017.09.12 12:07:58.353,7.99054,7.99166,1.37,1.00
2017.09.12 12:07:58.403,7.99056,7.99168,1.37,1.00
2017.09.12 12:07:58.454,7.99063,7.99176,1.37,1.00
2017.09.12 12:07:58.606,7.99069,7.99182,1.37,1.00
2017.09.12 12:07:59.061,7.99068,7.9918,1.37,1.00
2017.09.12 12:08:00.083,7.99061,7.99173,1.37,1.00
2017.09.12 12:08:00.134,7.99057,7.99169,1.37,1.00
2017.09.12 12:08:00.433,7.99053,7.99165,1.37,1.00
2017.09.12 12:08:00.777,7.99049,7.99161,1.37,1.00
2017.09.12 12:08:01.729,7.99049,7.99161,1.37,1.00
2017.09.12 12:08:01.868,7.99053,7.99165,1.00,1.00
2017.09.12 12:08:03.587,7.99046,7.99158,1.37,1.00
2017.09.12 12:08:04.052,7.99027,7.99139,1.75,1.00
2017.09.12 12:08:04.428,7.9903,7.99142,1.50,1.00
2017.09.12 12:08:04.930,7.9903,7.99142,1.37,1.00
2017.09.12 12:08:06.654,7.99032,7.99144,1.00,1.00
2017.09.12 12:08:07.665,7.99027,7.9914,1.37,1.00
2017.09.12 12:08:08.573,7.99024,7.99154,1.37,1.00
2017.09.12 12:08:08.624,7.99024,7.99154,1.75,1.00
2017.09.12 12:08:08.927,7.99035,7.99148,1.75,1.00
2017.09.12 12:08:09.314,7.99033,7.99146,1.75,1.00
2017.09.12 12:08:09.619,7.99007,7.99129,1.75,1.00
2017.09.12 12:08:09.846,7.99007,7.99129,1.75,1.00
2017.09.12 12:08:11.254,7.99003,7.99129,1.37,1.00
2017.09.12 12:08:11.336,7.99003,7.99125,1.37,1.00
2017.09.12 12:08:11.487,7.99003,7.99129,1.37,1.00
2017.09.12 12:08:11.886,7.99003,7.99123,1.37,1.00
2017.09.12 12:08:12.189,7.98991,7.99129,1.75,1.00
2017.09.12 12:08:12.622,7.98999,7.99132,1.37,1.00
2017.09.12 12:08:12.673,7.99005,7.99126,1.37,1.00
2017.09.12 12:08:12.985,7.98998,7.99119,1.37,1.00
2017.09.12 12:08:13.333,7.99002,7.99123,1.75,1.00
2017.09.12 12:08:13.628,7.99004,7.99125,1.50,1.00
2017.09.12 12:08:14.407,7.99004,7.99124,1.50,1.00
2017.09.12 12:08:14.563,7.99004,7.99124,1.75,1.00
2017.09.12 12:08:15.726,7.99004,7.99124,1.37,1.00
2017.09.12 12:08:17.832,7.99011,7.99131,1.37,1.00
2017.09.12 12:08:18.732,7.99011,7.99131,1.37,1.00
2017.09.12 12:08:19.602,7.99007,7.99137,1.37,1.00
2017.09.12 12:08:19.855,7.99017,7.99129,1.37,1.00
2017.09.12 12:08:19.907,7.99044,7.99155,1.00,1.00
2017.09.12 12:08:19.958,7.99047,7.99159,1.00,1.00
2017.09.12 12:08:20.121,7.99056,7.99166,1.00,1.00
2017.09.12 12:08:20.324,7.99083,7.99195,1.00,1.00
2017.09.12 12:08:20.375,7.99085,7.99197,1.00,1.00
2017.09.12 12:08:20.942,7.99079,7.99188,1.00,1.00
2017.09.12 12:08:21.216,7.99073,7.99184,1.00,1.00
2017.09.12 12:08:21.504,7.99073,7.99184,1.75,1.00
2017.09.12 12:08:21.554,7.99077,7.99188,1.37,1.00
2017.09.12 12:08:21.605,7.99073,7.99184,1.75,1.00
2017.09.12 12:08:21.808,7.99073,7.99201,1.75,1.00
2017.09.12 12:08:23.314,7.99076,7.99204,1.37,1.00
2017.09.12 12:08:23.365,7.99073,7.99201,1.75,1.00
2017.09.12 12:08:24.294,7.99082,7.99194,1.37,1.00
2017.09.12 12:08:24.714,7.99071,7.99181,1.50,1.00
2017.09.12 12:08:25.012,7.99078,7.9919,1.37,1.00
2017.09.12 12:08:25.063,7.99074,7.99203,1.37,1.00
2017.09.12 12:08:25.499,7.99072,7.99184,1.37,1.00
2017.09.12 12:08:26.084,7.99072,7.99184,1.37,1.00
2017.09.12 12:08:26.579,7.99075,7.99187,1.37,1.00
2017.09.12 12:08:27.409,7.99072,7.99183,1.37,1.00
2017.09.12 12:08:28.049,7.99072,7.99183,1.37,1.00
2017.09.12 12:08:28.570,7.99081,7.99193,1.12,1.00
2017.09.12 12:08:28.621,7.99074,7.99203,1.37,1.00
2017.09.12 12:08:28.774,7.99078,7.99206,1.37,1.00
2017.09.12 12:08:28.826,7.99063,7.99191,1.37,1.00
2017.09.12 12:08:29.221,7.99053,7.99173,1.75,1.00
2017.09.12 12:08:29.322,7.99053,7.99172,1.37,1.00
2017.09.12 12:08:29.634,7.99051,7.99163,1.37,1.00
2017.09.12 12:08:29.938,7.99048,7.9916,1.37,1.00
2017.09.12 12:08:30.640,7.99048,7.9916,1.37,1.00
2017.09.12 12:08:32.065,7.99044,7.99156,1.50,1.00
2017.09.12 12:08:33.177,7.99049,7.99161,1.37,1.00
2017.09.12 12:08:33.228,7.9905,7.99162,1.00,1.00
2017.09.12 12:08:33.330,7.99054,7.99164,1.00,1.00
2017.09.12 12:08:34.736,7.9905,7.99162,1.37,1.00
2017.09.12 12:08:34.999,7.99054,7.99166,1.37,1.00
2017.09.12 12:08:35.050,7.99056,7.99168,1.12,1.00
2017.09.12 12:08:35.202,7.99051,7.99163,1.37,1.00
2017.09.12 12:08:35.253,7.9906,7.99172,1.00,1.00
2017.09.12 12:08:35.675,7.99063,7.99173,1.00,1.00
2017.09.12 12:08:36.077,7.99063,7.99173,1.37,1.00
2017.09.12 12:08:36.592,7.99063,7.99173,1.37,1.00
2017.09.12 12:08:36.643,7.99079,7.99191,1.00,1.00
2017.09.12 12:08:36.694,7.99085,7.99197,1.00,1.00
2017.09.12 12:08:37.223,7.99073,7.99185,1.00,1.00
2017.09.12 12:08:38.033,7.99073,7.99185,1.37,1.00
2017.09.12 12:08:38.886,7.99069,7.99181,1.37,1.00
2017.09.12 12:08:39.223,7.99047,7.99159,1.75,1.00
2017.09.12 12:08:40.037,7.99047,7.99159,1.37,1.00
2017.09.12 12:08:40.344,7.9904,7.99152,1.37,1.00
2017.09.12 12:08:40.660,7.9902,7.99132,1.75,1.00
2017.09.12 12:08:41.214,7.99016,7.99128,1.75,1.00
2017.09.12 12:08:41.315,7.99007,7.99119,1.37,1.00
2017.09.12 12:08:41.399,7.99001,7.99113,1.75,1.00
2017.09.12 12:08:41.450,7.99011,7.99123,1.37,1.00
2017.09.12 12:08:41.653,7.99006,7.99118,1.37,1.00
2017.09.12 12:08:41.704,7.99012,7.99124,1.37,1.00
2017.09.12 12:08:42.267,7.99007,7.99118,1.37,1.00
2017.09.12 12:08:43.049,7.99007,7.99118,1.75,1.00
2017.09.12 12:08:43.101,7.99015,7.99127,1.37,1.00
2017.09.12 12:08:43.694,7.9902,7.99132,1.37,1.00
2017.09.12 12:08:44.589,7.9902,7.99132,1.37,1.00
2017.09.12 12:08:45.327,7.99012,7.99141,1.75,1.00
2017.09.12 12:08:45.827,7.99012,7.99141,1.37,1.00
2017.09.12 12:08:45.979,7.99009,7.99138,1.75,1.00
2017.09.12 12:08:46.283,7.98999,7.99123,1.75,1.00
2017.09.12 12:08:47.087,7.98995,7.99123,1.37,1.00
2017.09.12 12:08:47.362,7.99003,7.99114,1.37,1.00
2017.09.12 12:08:48.688,7.98996,7.99128,1.37,1.00
2017.09.12 12:08:49.666,7.98998,7.99121,1.37,1.00
2017.09.12 12:08:49.993,7.99007,7.99117,1.37,1.00
2017.09.12 12:08:51.027,7.98984,7.99113,1.75,1.00
2017.09.12 12:08:51.569,7.9897,7.99099,1.75,1.00
2017.09.12 12:08:52.437,7.9897,7.99099,1.75,1.00
2017.09.12 12:08:53.051,7.98975,7.99104,1.50,1.00
2017.09.12 12:08:53.288,7.98983,7.99112,1.37,1.00
2017.09.12 12:08:53.957,7.98983,7.99112,1.75,1.00
2017.09.12 12:08:54.297,7.98974,7.99101,1.75,1.00
2017.09.12 12:08:54.703,7.98976,7.99114,1.75,1.00
2017.09.12 12:08:54.754,7.98957,7.99095,1.75,1.00
2017.09.12 12:08:54.855,7.98965,7.99103,1.75,1.00
2017.09.12 12:08:55.038,7.98972,7.99108,1.75,1.00
2017.09.12 12:08:55.089,7.98974,7.99112,1.75,1.00
2017.09.12 12:08:55.343,7.98984,7.99096,1.75,1.00
2017.09.12 12:08:55.825,7.98984,7.99096,1.37,1.00
2017.09.12 12:08:56.508,7.98997,7.99108,1.12,1.00
2017.09.12 12:08:56.559,7.99001,7.99113,1.00,1.00
2017.09.12 12:08:56.812,7.98993,7.99121,1.37,1.00
2017.09.12 12:08:57.065,7.98993,7.99121,1.37,1.00
2017.09.12 12:08:57.525,7.98995,7.99125,1.37,1.00
2017.09.12 12:08:59.503,7.98991,7.99121,1.37,1.00
2017.09.12 12:09:00.399,7.98991,7.99121,1.37,1.00
2017.09.12 12:09:00.847,7.98995,7.99125,1.37,1.00
2017.09.12 12:09:01.295,7.98999,7.99128,1.37,1.00
2017.09.12 12:09:01.564,7.99002,7.99132,1.37,1.00
2017.09.12 12:09:01.615,7.98997,7.99127,1.37,1.00
2017.09.12 12:09:02.511,7.98997,7.99127,1.37,1.00
2017.09.12 12:09:03.617,7.99004,7.99134,1.37,1.00
2017.09.12 12:09:04.122,7.99003,7.99133,1.37,1.00
2017.09.12 12:09:04.736,7.99007,7.99131,1.37,1.00
2017.09.12 12:09:05.077,7.99007,7.99131,1.75,1.00
2017.09.12 12:09:05.414,7.99011,7.99134,1.37,1.00
2017.09.12 12:09:06.870,7.99011,7.99134,1.37,1.00
2017.09.12 12:09:07.094,7.99014,7.99139,1.37,1.00
2017.09.12 12:09:07.396,7.99023,7.99135,1.12,1.00
2017.09.12 12:09:08.420,7.99016,7.99149,1.37,1.00
2017.09.12 12:09:08.471,7.9901,7.99144,1.37,1.00
2017.09.12 12:09:08.801,7.9902,7.99132,1.37,1.00
2017.09.12 12:09:09.985,7.9899,7.99132,1.75,1.00
2017.09.12 12:09:10.138,7.9899,7.9913,1.75,1.00
2017.09.12 12:09:10.440,7.98981,7.99114,1.75,1.00
2017.09.12 12:09:10.541,7.98962,7.99103,1.37,1.00
2017.09.12 12:09:10.592,7.98957,7.99099,1.75,1.00
2017.09.12 12:09:11.225,7.98945,7.99086,1.75,1.00
2017.09.12 12:09:11.529,7.98929,7.99069,1.75,1.50
2017.09.12 12:09:11.580,7.98929,7.99069,1.37,1.50
2017.09.12 12:09:12.279,7.98942,7.99071,1.00,1.00
2017.09.12 12:09:12.604,7.98928,7.99053,1.37,1.00
2017.09.12 12:09:12.705,7.98897,7.99022,1.00,1.00
2017.09.12 12:09:12.832,7.98889,7.99014,1.37,1.00
2017.09.12 12:09:13.136,7.98886,7.99011,1.37,1.00
2017.09.12 12:09:13.553,7.98892,7.99017,1.12,1.00
2017.09.12 12:09:13.605,7.98896,7.9902,1.00,1.00
2017.09.12 12:09:13.786,7.98897,7.99022,1.00,1.00
2017.09.12 12:09:14.098,7.98897,7.99022,1.37,1.00
2017.09.12 12:09:14.672,7.98902,7.99027,1.37,1.00
2017.09.12 12:09:14.840,7.989,7.99024,1.37,1.00
2017.09.12 12:09:15.146,7.98896,7.9902,1.37,1.00
2017.09.12 12:09:15.758,7.98896,7.9902,1.37,1.00
2017.09.12 12:09:15.907,7.98906,7.9903,1.37,1.00
2017.09.12 12:09:16.009,7.98913,7.99035,1.00,1.00
2017.09.12 12:09:16.161,7.98915,7.99039,1.00,1.00
2017.09.12 12:09:16.419,7.98904,7.99028,1.37,1.00
2017.09.12 12:09:16.748,7.9887,7.98994,1.37,1.00
2017.09.12 12:09:17.762,7.9887,7.98994,1.37,1.00
2017.09.12 12:09:18.230,7.98875,7.98999,1.37,1.00
2017.09.12 12:09:18.332,7.98881,7.99005,1.37,1.00
2017.09.12 12:09:18.383,7.98884,7.99008,1.37,1.00
2017.09.12 12:09:18.586,7.98872,7.98996,1.37,1.00
2017.09.12 12:09:19.105,7.98872,7.98996,1.37,1.00
2017.09.12 12:09:19.516,7.98882,7.99006,1.37,1.00
2017.09.12 12:09:19.567,7.98888,7.99012,1.00,1.00
2017.09.12 12:09:19.618,7.98893,7.99017,1.00,1.00
2017.09.12 12:09:19.924,7.98895,7.99018,1.00,1.00
2017.09.12 12:09:20.267,7.98888,7.99011,1.00,1.00
2017.09.12 12:09:20.571,7.98891,7.99014,1.37,1.00
2017.09.12 12:09:21.003,7.98882,7.99006,1.37,1.00
2017.09.12 12:09:21.322,7.98866,7.98989,1.75,1.00
2017.09.12 12:09:21.373,7.98872,7.98995,1.75,1.00
2017.09.12 12:09:21.475,7.98872,7.98995,1.37,1.00
2017.09.12 12:09:21.576,7.98868,7.98991,1.37,1.00
2017.09.12 12:09:21.678,7.98872,7.98995,1.37,1.00
2017.09.12 12:09:21.728,7.98868,7.98991,1.37,1.00
2017.09.12 12:09:22.030,7.98863,7.98984,1.37,1.00
2017.09.12 12:09:22.618,7.9886,7.98981,1.37,1.00
2017.09.12 12:09:22.669,7.9886,7.98981,1.37,1.00
2017.09.12 12:09:23.510,7.98864,7.98987,1.37,1.00
2017.09.12 12:09:23.767,7.98872,7.98997,1.00,1.00
2017.09.12 12:09:23.818,7.98896,7.99013,1.00,1.00
2017.09.12 12:09:23.869,7.98897,7.9902,1.00,1.00
2017.09.12 12:09:23.920,7.98901,7.99024,1.00,1.00
2017.09.12 12:09:24.051,7.98905,7.99029,1.00,1.00
2017.09.12 12:09:24.306,7.98898,7.99021,1.00,1.00
2017.09.12 12:09:25.154,7.98898,7.99021,1.37,1.00
2017.09.12 12:09:26.037,7.98894,7.99017,1.37,1.00
2017.09.12 12:09:26.347,7.98868,7.98991,1.75,1.00
2017.09.12 12:09:26.795,7.98863,7.98986,1.75,1.00
2017.09.12 12:09:27.129,7.98866,7.98996,1.75,1.00
2017.09.12 12:09:27.230,7.98928,7.99039,1.00,1.50
2017.09.12 12:09:27.736,7.98933,7.99045,1.00,1.00
2017.09.12 12:09:28.194,7.98929,7.99041,1.00,1.00
2017.09.12 12:09:28.669,7.98911,7.99023,1.00,1.00
2017.09.12 12:09:29.185,7.98895,7.99007,1.00,1.00
2017.09.12 12:09:29.490,7.98928,7.9904,1.00,1.00
2017.09.12 12:09:30.869,7.98934,7.99045,1.00,1.00
2017.09.12 12:09:30.970,7.98924,7.99036,1.00,1.00
2017.09.12 12:09:31.021,7.98921,7.99032,1.00,1.00
2017.09.12 12:09:31.330,7.98882,7.98994,1.37,1.00
2017.09.12 12:09:31.432,7.9889,7.99002,1.37,1.00
2017.09.12 12:09:32.579,7.9889,7.99002,1.00,1.00
2017.09.12 12:09:33.356,7.98886,7.98997,1.00,1.00
2017.09.12 12:09:33.596,7.9889,7.99002,1.00,1.00
2017.09.12 12:09:34.031,7.98879,7.98991,1.00,1.00
2017.09.12 12:09:34.081,7.98849,7.98989,1.37,1.00
2017.09.12 12:09:34.802,7.98849,7.98983,1.37,1.00
2017.09.12 12:09:35.117,7.98858,7.9899,1.37,1.00
2017.09.12 12:09:35.370,7.98853,7.98987,1.37,1.00
2017.09.12 12:09:35.756,7.98849,7.98984,1.37,1.00
2017.09.12 12:09:36.516,7.98849,7.98984,1.75,1.00
2017.09.12 12:09:36.567,7.9886,7.98994,1.37,1.00
2017.09.12 12:09:36.618,7.98864,7.98998,1.37,1.00
2017.09.12 12:09:36.669,7.98874,7.99006,1.00,1.00
2017.09.12 12:09:37.640,7.98874,7.99006,1.37,1.00
2017.09.12 12:09:37.995,7.98867,7.99001,1.37,1.00
2017.09.12 12:09:38.318,7.98876,7.9901,1.37,1.00
2017.09.12 12:09:38.550,7.98873,7.99007,1.37,1.00
2017.09.12 12:09:38.892,7.98866,7.99,1.37,1.00
2017.09.12 12:09:39.044,7.9887,7.99004,1.37,1.00
2017.09.12 12:09:39.146,7.98851,7.98985,1.75,1.00
2017.09.12 12:09:39.198,7.98862,7.98996,1.75,1.00
2017.09.12 12:09:39.249,7.98855,7.9899,1.75,1.00
2017.09.12 12:09:39.300,7.98867,7.99001,1.75,1.00
2017.09.12 12:09:39.700,7.98903,7.99014,1.00,1.00
2017.09.12 12:09:39.801,7.98912,7.99024,1.00,1.00
2017.09.12 12:09:39.853,7.98921,7.99033,1.00,1.00
2017.09.12 12:09:40.183,7.98934,7.99044,1.00,1.00
2017.09.12 12:09:40.530,7.98923,7.99033,1.00,1.00
2017.09.12 12:09:40.782,7.98916,7.99028,1.00,1.00
2017.09.12 12:09:41.097,7.98922,7.99031,1.00,1.00
2017.09.12 12:09:41.306,7.98884,7.9902,1.37,1.00
2017.09.12 12:09:41.879,7.98875,7.99011,1.37,1.00
2017.09.12 12:09:42.183,7.98844,7.9898,1.75,1.00
2017.09.12 12:09:42.336,7.98845,7.98976,1.00,1.00
2017.09.12 12:09:42.387,7.98845,7.98956,1.00,1.00
2017.09.12 12:09:42.438,7.98841,7.98953,1.00,1.00
2017.09.12 12:09:42.718,7.98845,7.98957,1.00,1.00
2017.09.12 12:09:43.022,7.98881,7.98993,1.00,1.00
2017.09.12 12:09:43.326,7.98886,7.98998,1.00,1.00
2017.09.12 12:09:44.271,7.98886,7.98997,1.00,1.00
2017.09.12 12:09:44.586,7.98872,7.98984,1.00,1.00
2017.09.12 12:09:44.638,7.98857,7.98969,1.00,1.00
2017.09.12 12:09:44.975,7.98849,7.9896,1.00,1.00
2017.09.12 12:09:45.139,7.98852,7.98964,1.00,1.00
2017.09.12 12:09:45.668,7.98853,7.98965,1.00,1.00
2017.09.12 12:09:46.304,7.98854,7.98995,1.00,1.00
2017.09.12 12:09:46.406,7.98885,7.98995,1.00,1.00
2017.09.12 12:09:46.508,7.98895,7.99007,1.00,1.00
2017.09.12 12:09:46.820,7.98891,7.99003,1.00,1.00
2017.09.12 12:09:47.133,7.98887,7.98998,1.00,1.00
2017.09.12 12:09:47.782,7.98858,7.9899,1.00,1.00
2017.09.12 12:09:47.833,7.98858,7.9897,1.00,1.00
2017.09.12 12:09:48.136,7.98848,7.9896,1.00,1.00
2017.09.12 12:09:48.452,7.98882,7.98994,1.00,1.00
2017.09.12 12:09:49.156,7.98878,7.9899,1.00,1.00
2017.09.12 12:09:49.493,7.98853,7.98965,1.00,1.00
2017.09.12 12:09:49.797,7.98844,7.98972,1.00,1.00
2017.09.12 12:09:49.849,7.9884,7.98968,1.00,1.00
2017.09.12 12:09:50.181,7.98841,7.98962,1.00,1.00
2017.09.12 12:09:51.465,7.9886,7.98979,1.00,1.00
2017.09.12 12:09:51.811,7.98865,7.98984,1.00,1.00
2017.09.12 12:09:51.913,7.98855,7.98976,1.00,1.00
2017.09.12 12:09:52.032,7.98846,7.98965,1.00,1.00
2017.09.12 12:09:52.133,7.98833,7.98954,1.00,1.00
2017.09.12 12:09:52.184,7.98837,7.98958,1.00,1.00
2017.09.12 12:09:52.490,7.98867,7.98988,1.00,1.12
2017.09.12 12:09:52.987,7.98891,7.99012,1.00,1.37
2017.09.12 12:09:53.089,7.98892,7.99013,1.00,1.00
2017.09.12 12:09:53.191,7.98896,7.99015,1.00,1.00
2017.09.12 12:09:53.805,7.98899,7.9902,1.00,1.00
2017.09.12 12:09:54.081,7.98903,7.99024,1.00,1.00
2017.09.12 12:09:54.385,7.98908,7.99029,1.00,1.00
2017.09.12 12:09:54.908,7.98909,7.9903,1.00,1.00
2017.09.12 12:09:55.432,7.98912,7.99033,1.00,1.00
2017.09.12 12:09:55.735,7.98895,7.99016,1.00,1.00
2017.09.12 12:09:56.082,7.98876,7.98997,1.00,1.00
2017.09.12 12:09:56.386,7.98858,7.98979,1.00,1.00
2017.09.12 12:09:57.375,7.98852,7.98979,1.00,1.00
2017.09.12 12:09:57.824,7.9885,7.98977,1.00,1.00
2017.09.12 12:09:58.136,7.98829,7.98956,1.00,1.00
2017.09.12 12:09:58.699,7.98846,7.98973,1.00,1.00
2017.09.12 12:09:59.302,7.98847,7.98974,1.00,1.00
2017.09.12 12:09:59.694,7.98853,7.9898,1.00,1.00
2017.09.12 12:10:00.321,7.9883,7.98983,1.00,1.00
2017.09.12 12:10:00.373,7.98819,7.98946,1.00,1.00
2017.09.12 12:10:00.677,7.98825,7.98952,1.00,1.00
2017.09.12 12:10:01.427,7.98815,7.98942,1.00,1.00
2017.09.12 12:10:01.735,7.98822,7.98948,1.00,1.00
2017.09.12 12:10:03.029,7.98813,7.98938,1.00,1.00
2017.09.12 12:10:03.335,7.98803,7.9893,1.00,1.00
2017.09.12 12:10:03.386,7.98813,7.98938,1.00,1.00
2017.09.12 12:10:04.820,7.98822,7.98934,1.00,1.00
2017.09.12 12:10:05.390,7.98827,7.98937,1.00,1.00
2017.09.12 12:10:05.983,7.98813,7.98942,1.00,1.00
2017.09.12 12:10:06.375,7.98819,7.98946,1.00,1.00
2017.09.12 12:10:06.730,7.98811,7.9894,1.00,1.00
2017.09.12 12:10:06.883,7.98806,7.98933,1.00,1.00
2017.09.12 12:10:06.935,7.988,7.98929,1.00,1.00
2017.09.12 12:10:07.059,7.98809,7.98938,1.00,1.00
2017.09.12 12:10:07.363,7.98774,7.98903,1.00,1.00
2017.09.12 12:10:07.667,7.9879,7.98919,1.00,1.00
2017.09.12 12:10:09.143,7.98799,7.9891,1.00,1.00
2017.09.12 12:10:09.568,7.98795,7.98907,1.00,1.00
2017.09.12 12:10:10.703,7.98773,7.98885,1.00,1.00
2017.09.12 12:10:11.019,7.98775,7.98887,1.00,1.00
2017.09.12 12:10:11.336,7.98771,7.98883,1.00,1.00
2017.09.12 12:10:11.652,7.98769,7.98881,1.00,1.00
2017.09.12 12:10:12.433,7.9877,7.98882,1.37,1.00
2017.09.12 12:10:13.020,7.98778,7.9889,1.37,1.00
2017.09.12 12:10:13.274,7.98749,7.98862,1.75,1.00
2017.09.12 12:10:13.325,7.98757,7.98866,1.37,1.00
2017.09.12 12:10:13.467,7.98746,7.98857,1.75,1.00
2017.09.12 12:10:13.518,7.98749,7.98861,1.75,1.00
2017.09.12 12:10:13.569,7.98752,7.98863,1.37,1.00
2017.09.12 12:10:13.999,7.98748,7.98859,1.56,1.00
2017.09.12 12:10:14.304,7.98736,7.98847,1.00,1.00
2017.09.12 12:10:14.355,7.98731,7.98841,1.19,1.00
2017.09.12 12:10:14.850,7.98729,7.98859,1.09,1.00
2017.09.12 12:10:14.902,7.98761,7.98872,1.00,1.00
2017.09.12 12:10:15.505,7.9873,7.9887,1.09,1.00
2017.09.12 12:10:15.556,7.9873,7.98853,1.09,1.00
2017.09.12 12:10:15.904,7.9873,7.98853,1.09,1.00
2017.09.12 12:10:16.654,7.98725,7.98848,1.09,1.00
2017.09.12 12:10:16.705,7.9873,7.98853,1.09,1.00
2017.09.12 12:10:16.806,7.98771,7.98882,1.00,1.00
2017.09.12 12:10:16.988,7.98797,7.98909,1.00,1.00
2017.09.12 12:10:17.040,7.98801,7.98912,1.00,1.00
2017.09.12 12:10:17.091,7.98795,7.98907,1.00,1.00
2017.09.12 12:10:17.345,7.98812,7.98925,1.00,1.00
2017.09.12 12:10:17.448,7.98814,7.98926,1.00,1.00
2017.09.12 12:10:17.795,7.98818,7.9893,1.00,1.00
2017.09.12 12:10:18.120,7.98814,7.98927,1.00,1.00
2017.09.12 12:10:18.443,7.98803,7.98916,1.00,1.00
2017.09.12 12:10:18.493,7.98766,7.98908,1.09,1.00
2017.09.12 12:10:18.544,7.9877,7.98912,1.09,1.00
2017.09.12 12:10:18.596,7.9877,7.98895,1.09,1.00
2017.09.12 12:10:18.899,7.98738,7.98851,1.47,1.00
2017.09.12 12:10:19.202,7.98751,7.98863,1.22,1.00
2017.09.12 12:10:19.253,7.98759,7.98869,1.09,1.00
2017.09.12 12:10:19.304,7.98758,7.98871,1.09,1.00
2017.09.12 12:10:19.874,7.98761,7.98873,1.09,1.00
2017.09.12 12:10:20.028,7.98764,7.98876,1.47,1.00
2017.09.12 12:10:20.236,7.9877,7.98882,1.09,1.00
2017.09.12 12:10:20.287,7.98771,7.98884,1.09,1.00
2017.09.12 12:10:20.692,7.9878,7.98891,1.09,1.00
2017.09.12 12:10:20.744,7.98759,7.98887,1.00,1.00
2017.09.12 12:10:20.795,7.98754,7.98882,1.00,1.00
2017.09.12 12:10:21.247,7.98768,7.98896,1.00,1.00
2017.09.12 12:10:21.916,7.98766,7.98894,1.00,1.00
2017.09.12 12:10:22.244,7.98776,7.98887,1.00,1.00
2017.09.12 12:10:22.590,7.98757,7.98867,1.09,1.00
2017.09.12 12:10:22.642,7.98764,7.98874,1.09,1.00
2017.09.12 12:10:22.693,7.98771,7.98881,1.00,1.00
2017.09.12 12:10:23.405,7.98766,7.98877,1.12,1.00
2017.09.12 12:10:23.627,7.9876,7.98871,1.09,1.00
2017.09.12 12:10:23.958,7.9875,7.9886,1.09,1.00
2017.09.12 12:10:24.009,7.98736,7.98867,1.47,1.00
2017.09.12 12:10:24.111,7.98765,7.98875,1.09,1.00
2017.09.12 12:10:24.561,7.98765,7.98877,1.09,1.00
2017.09.12 12:10:24.938,7.98771,7.98883,1.00,1.00
2017.09.12 12:10:26.257,7.98755,7.98867,1.00,1.00
2017.09.12 12:10:26.561,7.98751,7.98861,1.00,1.00
2017.09.12 12:10:27.167,7.98745,7.98857,1.00,1.00
2017.09.12 12:10:27.366,7.98741,7.98853,1.00,1.00
2017.09.12 12:10:27.670,7.98739,7.98851,1.00,1.00
2017.09.12 12:10:27.974,7.98745,7.98854,1.00,1.00
2017.09.12 12:10:28.705,7.98749,7.98861,1.00,1.00
2017.09.12 12:10:32.177,7.98735,7.98846,1.00,1.00
2017.09.12 12:10:32.279,7.9874,7.98852,1.00,1.00
2017.09.12 12:10:32.433,7.98744,7.98853,1.00,1.00
2017.09.12 12:10:32.622,7.98749,7.9886,1.00,1.00
2017.09.12 12:10:33.367,7.9874,7.98852,1.00,1.00
2017.09.12 12:10:34.627,7.98736,7.98847,1.00,1.00
2017.09.12 12:10:35.209,7.98735,7.98847,1.00,1.00
2017.09.12 12:10:35.669,7.98739,7.98851,1.00,1.00
2017.09.12 12:10:36.954,7.98738,7.9885,1.00,1.00
2017.09.12 12:10:37.298,7.98742,7.98854,1.00,1.00
2017.09.12 12:10:38.888,7.98739,7.98849,1.00,1.00
2017.09.12 12:10:39.447,7.98748,7.9886,1.00,1.00
2017.09.12 12:10:39.904,7.98738,7.9885,1.00,1.00
2017.09.12 12:10:40.215,7.98743,7.98855,1.00,1.00
2017.09.12 12:10:40.519,7.98726,7.98838,1.00,1.00
2017.09.12 12:10:40.570,7.98712,7.98838,1.00,1.00
2017.09.12 12:10:40.756,7.98713,7.98842,1.00,1.00
2017.09.12 12:10:40.807,7.98715,7.98844,1.00,1.00
2017.09.12 12:10:41.245,7.98711,7.9884,1.12,1.00
2017.09.12 12:10:41.880,7.9871,7.98836,1.09,1.00
2017.09.12 12:10:42.457,7.98711,7.9883,1.00,1.00
2017.09.12 12:10:43.317,7.98715,7.98834,1.00,1.00
2017.09.12 12:10:43.569,7.98724,7.98844,1.00,1.00
2017.09.12 12:10:43.620,7.98748,7.98868,1.09,1.00
2017.09.12 12:10:43.924,7.98739,7.98859,1.09,1.00
2017.09.12 12:10:44.383,7.98741,7.98861,1.09,1.00
2017.09.12 12:10:44.799,7.98741,7.98861,1.00,1.00
2017.09.12 12:10:44.900,7.98729,7.98859,1.00,1.00
2017.09.12 12:10:44.951,7.98722,7.98853,1.37,1.00
2017.09.12 12:10:45.255,7.98718,7.98848,1.37,1.00
2017.09.12 12:10:46.315,7.98721,7.98852,1.37,1.50
2017.09.12 12:10:46.366,7.98717,7.98848,1.37,1.00
2017.09.12 12:10:46.671,7.98713,7.98844,1.37,1.00
2017.09.12 12:10:46.863,7.98685,7.98816,1.00,1.00
2017.09.12 12:10:46.915,7.98681,7.98812,1.37,1.50
2017.09.12 12:10:47.261,7.98677,7.98808,1.37,1.00
2017.09.12 12:10:47.395,7.98678,7.9881,1.37,1.00
2017.09.12 12:10:47.446,7.98682,7.98812,1.37,1.00
2017.09.12 12:10:47.497,7.98697,7.98814,1.00,1.00
2017.09.12 12:10:48.047,7.98697,7.98823,1.00,1.00
2017.09.12 12:10:48.255,7.98723,7.98823,1.00,1.00
2017.09.12 12:10:48.356,7.98745,7.98858,1.00,1.00
2017.09.12 12:10:48.407,7.98749,7.98858,1.00,1.00
2017.09.12 12:10:48.458,7.98743,7.98858,1.00,1.00
2017.09.12 12:10:48.509,7.98749,7.98875,1.00,1.00
2017.09.12 12:10:48.927,7.98747,7.98875,1.00,1.00
2017.09.12 12:10:49.954,7.98745,7.98875,1.00,1.00
2017.09.12 12:10:50.056,7.98745,7.98877,1.00,1.00
2017.09.12 12:10:50.107,7.98762,7.98874,1.00,1.00
2017.09.12 12:10:50.259,7.9877,7.98883,1.00,1.00
2017.09.12 12:10:50.411,7.98761,7.98873,1.00,1.00
2017.09.12 12:10:50.513,7.98748,7.98876,1.00,1.00
2017.09.12 12:10:50.867,7.98733,7.98843,1.37,1.00
2017.09.12 12:10:51.271,7.9871,7.98822,1.75,1.00
2017.09.12 12:10:51.429,7.98718,7.9883,1.75,1.00
2017.09.12 12:10:51.480,7.98726,7.98838,1.37,1.00
2017.09.12 12:10:52.007,7.98725,7.98835,1.37,1.00
2017.09.12 12:10:52.357,7.98705,7.98818,1.75,1.00
2017.09.12 12:10:52.408,7.98705,7.98817,1.37,1.00
2017.09.12 12:10:52.510,7.98673,7.98779,1.00,1.00
2017.09.12 12:10:52.611,7.98673,7.98782,1.00,1.00
2017.09.12 12:10:52.663,7.98665,7.98777,1.00,1.00
2017.09.12 12:10:52.714,7.98669,7.98781,1.00,1.00
2017.09.12 12:10:52.866,7.98665,7.98778,1.00,1.00
2017.09.12 12:10:53.068,7.98673,7.98785,1.00,1.00
2017.09.12 12:10:53.170,7.98665,7.98778,1.00,1.00
2017.09.12 12:10:53.315,7.98669,7.98781,1.00,1.00
2017.09.12 12:10:53.850,7.98668,7.9878,1.00,1.00
2017.09.12 12:10:53.902,7.98669,7.98807,1.00,1.00
2017.09.12 12:10:53.953,7.98668,7.9878,1.37,1.00
2017.09.12 12:10:54.258,7.98658,7.98771,1.37,1.00
2017.09.12 12:10:54.584,7.98657,7.98769,1.37,1.00
2017.09.12 12:10:55.290,7.98645,7.98758,1.37,1.00
2017.09.12 12:10:55.391,7.98642,7.98753,1.37,1.00
2017.09.12 12:10:55.731,7.98619,7.98731,1.75,1.00
2017.09.12 12:10:55.782,7.98621,7.98733,1.75,1.00
2017.09.12 12:10:55.833,7.98619,7.98731,1.75,1.00
2017.09.12 12:10:55.884,7.98628,7.9874,1.75,1.00
2017.09.12 12:10:55.935,7.98613,7.98725,1.75,1.00
2017.09.12 12:10:55.987,7.98618,7.9873,1.75,1.00
2017.09.12 12:10:56.038,7.98612,7.98724,1.75,1.00
2017.09.12 12:10:56.576,7.9862,7.9873,1.75,1.00
2017.09.12 12:10:56.627,7.98622,7.98734,1.75,1.00
2017.09.12 12:10:56.678,7.98624,7.98736,1.37,1.00
2017.09.12 12:10:56.934,7.98621,7.98761,1.37,1.00
2017.09.12 12:10:57.214,7.98621,7.98763,1.37,1.00
2017.09.12 12:10:57.600,7.98629,7.98767,1.37,1.00
2017.09.12 12:10:57.651,7.98634,7.98774,1.00,1.00
2017.09.12 12:10:57.753,7.98637,7.98777,1.00,1.50
2017.09.12 12:10:58.076,7.98637,7.98777,1.37,1.50
2017.09.12 12:10:58.727,7.98658,7.98783,1.00,1.00
2017.09.12 12:10:58.778,7.98663,7.98783,1.00,1.00
2017.09.12 12:10:58.829,7.98663,7.98801,1.00,1.00
2017.09.12 12:10:59.133,7.98661,7.98801,1.00,1.50
2017.09.12 12:10:59.285,7.98661,7.98801,1.37,1.50
2017.09.12 12:10:59.631,7.98659,7.98799,1.37,1.00
2017.09.12 12:11:00.058,7.98663,7.98801,1.37,1.00
2017.09.12 12:11:00.109,7.98672,7.98805,1.37,1.00
2017.09.12 12:11:00.211,7.98696,7.98827,1.00,1.00
2017.09.12 12:11:00.263,7.98704,7.98827,1.00,1.00
2017.09.12 12:11:00.313,7.98717,7.98857,1.00,1.00
2017.09.12 12:11:00.364,7.98714,7.98854,1.00,1.00
2017.09.12 12:11:00.703,7.98699,7.98839,1.37,1.00
2017.09.12 12:11:01.182,7.98682,7.98818,1.75,1.00
2017.09.12 12:11:01.233,7.9867,7.9881,1.37,1.00
2017.09.12 12:11:01.334,7.98681,7.9882,1.00,1.00
2017.09.12 12:11:01.902,7.98681,7.98821,1.00,1.00
2017.09.12 12:11:02.760,7.98684,7.98824,1.00,1.37
2017.09.12 12:11:02.811,7.9868,7.9882,1.00,1.00
2017.09.12 12:11:02.862,7.98683,7.98823,1.00,1.12
2017.09.12 12:11:03.168,7.9874,7.98861,1.00,1.00
2017.09.12 12:11:03.738,7.9874,7.98862,1.00,1.00
2017.09.12 12:11:04.220,7.98748,7.9887,1.00,1.00
2017.09.12 12:11:07.064,7.98745,7.98866,1.00,1.00
2017.09.12 12:11:07.397,7.98745,7.98866,1.37,1.00
2017.09.12 12:11:07.766,7.98722,7.98844,1.75,1.00
2017.09.12 12:11:08.096,7.98718,7.9884,1.75,1.00
2017.09.12 12:11:08.348,7.98699,7.9882,1.37,1.00
2017.09.12 12:11:08.450,7.98693,7.98814,1.37,1.00
2017.09.12 12:11:08.800,7.98686,7.98806,1.75,1.00
2017.09.12 12:11:09.145,7.98687,7.98809,1.75,1.00
2017.09.12 12:11:10.107,7.98687,7.98809,1.00,1.00
2017.09.12 12:11:11.248,7.98679,7.988,1.37,1.00
2017.09.12 12:11:12.007,7.98678,7.98799,1.37,1.00
2017.09.12 12:11:12.058,7.98678,7.98799,1.12,1.00
2017.09.12 12:11:12.109,7.98688,7.98803,1.00,1.00
2017.09.12 12:11:12.160,7.98692,7.98814,1.00,1.00
2017.09.12 12:11:12.431,7.98699,7.9882,1.00,1.00
2017.09.12 12:11:12.533,7.98693,7.98818,1.00,1.00
2017.09.12 12:11:13.507,7.98697,7.98822,1.00,1.00
2017.09.12 12:11:13.877,7.98692,7.98818,1.37,1.00
2017.09.12 12:11:14.443,7.98695,7.9882,1.37,1.00
2017.09.12 12:11:15.215,7.98687,7.98812,1.37,1.00
2017.09.12 12:11:15.266,7.98692,7.98817,1.37,1.00
2017.09.12 12:11:16.397,7.98709,7.98821,1.00,1.00
2017.09.12 12:11:16.722,7.98709,7.98821,1.37,1.00
2017.09.12 12:11:17.888,7.98714,7.98825,1.37,1.00
2017.09.12 12:11:19.967,7.98713,7.98823,1.37,1.00
2017.09.12 12:11:20.270,7.98705,7.98817,1.37,1.00
2017.09.12 12:11:20.321,7.98709,7.98821,1.37,1.00
2017.09.12 12:11:20.474,7.98713,7.98825,1.37,1.00
2017.09.12 12:11:20.576,7.98717,7.98827,1.12,1.00
2017.09.12 12:11:22.131,7.98719,7.98831,1.00,1.00
2017.09.12 12:11:22.718,7.98731,7.98831,1.00,1.00
2017.09.12 12:11:22.768,7.98744,7.98872,1.00,1.00
2017.09.12 12:11:22.819,7.98751,7.98875,1.00,1.00
2017.09.12 12:11:22.870,7.98753,7.98884,1.00,1.00
2017.09.12 12:11:22.921,7.98757,7.98884,1.00,1.00
2017.09.12 12:11:23.225,7.98771,7.98884,1.00,1.00
2017.09.12 12:11:24.486,7.98759,7.98884,1.12,1.00
2017.09.12 12:11:24.900,7.98759,7.9888,1.12,1.00
2017.09.12 12:11:25.367,7.98759,7.9888,1.37,1.00
2017.09.12 12:11:25.871,7.98759,7.98873,1.37,1.00
2017.09.12 12:11:26.222,7.98723,7.98854,1.75,1.00
2017.09.12 12:11:27.405,7.98723,7.98854,1.75,1.00
2017.09.12 12:11:27.507,7.98717,7.98808,1.75,1.00
2017.09.12 12:11:27.663,7.98727,7.98825,1.37,1.00
2017.09.12 12:11:27.714,7.98731,7.9886,1.37,1.00
2017.09.12 12:11:27.817,7.98749,7.9886,1.00,1.00
2017.09.12 12:11:27.918,7.98749,7.98871,1.00,1.00
2017.09.12 12:11:29.480,7.98746,7.98869,1.00,1.00
2017.09.12 12:11:30.102,7.98743,7.98866,1.37,1.00
2017.09.12 12:11:30.427,7.98742,7.98864,1.37,1.00
2017.09.12 12:11:31.750,7.98764,7.98884,1.00,1.00
2017.09.12 12:11:31.902,7.98791,7.98914,1.00,1.00
2017.09.12 12:11:31.953,7.98778,7.98901,1.00,1.00
2017.09.12 12:11:32.284,7.98782,7.98902,1.00,1.00
2017.09.12 12:11:32.741,7.98787,7.9891,1.00,1.00
2017.09.12 12:11:32.792,7.98791,7.98913,1.00,1.00
2017.09.12 12:11:33.347,7.98791,7.98912,1.12,1.00
2017.09.12 12:11:33.775,7.98796,7.98919,1.00,1.00
2017.09.12 12:11:35.004,7.98806,7.98918,1.00,1.00
2017.09.12 12:11:35.310,7.98798,7.98908,1.00,1.00
2017.09.12 12:11:35.645,7.98782,7.98887,1.37,1.00
2017.09.12 12:11:35.696,7.98792,7.98903,1.00,1.00
2017.09.12 12:11:35.907,7.98788,7.989,1.37,1.00
2017.09.12 12:11:36.242,7.98788,7.989,1.37,1.00
2017.09.12 12:11:37.066,7.98789,7.98901,1.37,1.00
2017.09.12 12:11:37.218,7.98792,7.98904,1.37,1.00
2017.09.12 12:11:37.269,7.98789,7.98901,1.37,1.00
2017.09.12 12:11:37.320,7.98787,7.98899,1.37,1.00
2017.09.12 12:11:37.371,7.98778,7.9889,1.75,1.00
2017.09.12 12:11:37.898,7.98787,7.98898,1.37,1.00
2017.09.12 12:11:38.266,7.98795,7.98907,1.37,1.00
2017.09.12 12:11:38.317,7.98799,7.9891,1.00,1.00
2017.09.12 12:11:38.368,7.98794,7.98905,1.37,1.00
2017.09.12 12:11:38.470,7.98794,7.98906,1.00,1.00
2017.09.12 12:11:38.646,7.98803,7.98915,1.00,1.00
2017.09.12 12:11:38.950,7.98788,7.989,1.37,1.00
2017.09.12 12:11:39.662,7.98788,7.989,1.37,1.00
2017.09.12 12:11:40.090,7.98793,7.98904,1.37,1.00
2017.09.12 12:11:40.243,7.98789,7.989,1.37,1.00
2017.09.12 12:11:40.576,7.98816,7.98927,1.37,1.00
2017.09.12 12:11:40.627,7.98843,7.98954,1.00,1.00
2017.09.12 12:11:40.729,7.98862,7.98973,1.12,1.00
2017.09.12 12:11:40.933,7.98928,7.9904,1.00,1.00
2017.09.12 12:11:40.984,7.98919,7.9903,1.37,1.00
2017.09.12 12:11:41.880,7.98924,7.99036,1.12,1.00
2017.09.12 12:11:41.931,7.98928,7.99039,1.00,1.00
2017.09.12 12:11:42.257,7.98928,7.99039,1.37,1.00
2017.09.12 12:11:42.525,7.98918,7.9903,1.00,1.00
2017.09.12 12:11:42.576,7.98904,7.98998,1.00,1.00
2017.09.12 12:11:42.627,7.9888,7.98992,1.00,1.00
2017.09.12 12:11:42.678,7.98869,7.9898,1.50,1.00
2017.09.12 12:11:42.835,7.98859,7.98971,1.00,1.00
2017.09.12 12:11:42.886,7.98831,7.98956,1.75,1.00
2017.09.12 12:11:42.937,7.98834,7.98958,1.75,1.00
2017.09.12 12:11:42.989,7.98837,7.98961,1.37,1.00
2017.09.12 12:11:43.040,7.98837,7.98961,1.00,1.00
2017.09.12 12:11:43.091,7.9883,7.98942,1.00,1.00
2017.09.12 12:11:43.395,7.98807,7.98918,1.37,1.00
2017.09.12 12:11:43.548,7.9881,7.98922,1.37,1.00
2017.09.12 12:11:44.220,7.98812,7.98923,1.37,1.00
2017.09.12 12:11:44.321,7.98812,7.98923,1.12,1.00
2017.09.12 12:11:45.067,7.98806,7.98917,1.37,1.00
2017.09.12 12:11:45.444,7.98801,7.98912,1.50,1.00
2017.09.12 12:11:45.495,7.98796,7.98908,1.37,1.00
2017.09.12 12:11:45.647,7.9881,7.98922,1.00,1.00
2017.09.12 12:11:45.698,7.98813,7.98924,1.00,1.00
2017.09.12 12:11:46.002,7.98817,7.98928,1.00,1.00
2017.09.12 12:11:46.326,7.98825,7.98936,1.37,1.00
2017.09.12 12:11:46.629,7.98833,7.98944,1.00,1.00
2017.09.12 12:11:47.338,7.98829,7.9894,1.37,1.00
2017.09.12 12:11:47.877,7.98821,7.98932,1.37,1.00
2017.09.12 12:11:48.181,7.98815,7.98926,1.37,1.00
2017.09.12 12:11:48.231,7.9882,7.98931,1.37,1.00
2017.09.12 12:11:49.031,7.9882,7.98931,1.37,1.00
2017.09.12 12:11:49.132,7.98825,7.98936,1.12,1.00
2017.09.12 12:11:49.183,7.98829,7.9894,1.00,1.00
2017.09.12 12:11:49.527,7.98833,7.98944,1.00,1.00
2017.09.12 12:11:49.833,7.98808,7.98919,1.37,1.00
2017.09.12 12:11:50.036,7.9882,7.98931,1.37,1.00
2017.09.12 12:11:50.087,7.98825,7.98936,1.12,1.00
2017.09.12 12:11:50.238,7.98828,7.9894,1.00,1.00
2017.09.12 12:11:50.289,7.98828,7.9894,1.37,1.00
2017.09.12 12:11:51.100,7.98834,7.98945,1.00,1.00
2017.09.12 12:11:52.094,7.98839,7.9895,1.00,1.00
2017.09.12 12:11:52.413,7.98853,7.98964,1.00,1.00
2017.09.12 12:11:52.940,7.98854,7.98965,1.00,1.00
2017.09.12 12:11:54.311,7.98848,7.98959,1.00,1.00
2017.09.12 12:11:54.362,7.98847,7.98961,1.12,1.00
2017.09.12 12:11:54.413,7.98847,7.98963,1.87,1.00
2017.09.12 12:11:55.368,7.98856,7.98972,1.00,1.00
2017.09.12 12:11:55.824,7.98854,7.9897,1.00,1.00
2017.09.12 12:11:56.697,7.98846,7.98962,1.00,1.00
2017.09.12 12:11:57.028,7.98841,7.98957,1.00,1.00
2017.09.12 12:11:57.607,7.98841,7.98959,1.00,1.00
2017.09.12 12:11:57.883,7.98845,7.98963,1.00,1.00
2017.09.12 12:11:58.196,7.98867,7.98985,1.00,1.00
2017.09.12 12:11:59.408,7.98866,7.98985,1.00,1.00
2017.09.12 12:11:59.713,7.98838,7.98957,1.37,1.00
2017.09.12 12:12:00.037,7.98832,7.98944,1.37,1.00
2017.09.12 12:12:00.089,7.98832,7.98937,1.00,1.00
2017.09.12 12:12:00.140,7.98822,7.98942,1.00,1.00
2017.09.12 12:12:00.389,7.98811,7.98926,1.37,1.00
2017.09.12 12:12:00.752,7.98809,7.98923,1.37,1.00
2017.09.12 12:12:01.314,7.98803,7.98922,1.00,1.00
2017.09.12 12:12:02.514,7.98803,7.98922,1.37,1.00
2017.09.12 12:12:04.677,7.9881,7.9893,1.00,1.00
2017.09.12 12:12:04.728,7.98819,7.98938,1.00,1.00
2017.09.12 12:12:05.044,7.98825,7.98947,1.00,1.00
2017.09.12 12:12:05.436,7.98822,7.98944,1.37,1.00
2017.09.12 12:12:05.801,7.9882,7.98942,1.37,1.00
2017.09.12 12:12:06.207,7.98818,7.9894,1.37,1.00
2017.09.12 12:12:06.535,7.98811,7.98933,1.00,1.00
2017.09.12 12:12:06.625,7.98807,7.98929,1.00,1.00
2017.09.12 12:12:06.929,7.98794,7.98916,1.37,1.00
2017.09.12 12:12:07.695,7.98794,7.98916,1.00,1.00
2017.09.12 12:12:07.839,7.98793,7.98912,1.00,1.00
2017.09.12 12:12:08.352,7.98785,7.98907,1.37,1.00
2017.09.12 12:12:08.403,7.98789,7.98911,1.37,1.00
2017.09.12 12:12:08.454,7.98792,7.98914,1.12,1.00
2017.09.12 12:12:08.505,7.98794,7.98916,1.00,1.00
2017.09.12 12:12:08.853,7.98798,7.9892,1.00,1.00
2017.09.12 12:12:09.176,7.98807,7.98929,1.00,1.00
2017.09.12 12:12:10.119,7.98819,7.98941,1.00,1.00
2017.09.12 12:12:10.462,7.98824,7.98946,1.00,1.00
2017.09.12 12:12:10.767,7.9884,7.98962,1.00,1.00
2017.09.12 12:12:12.222,7.98851,7.98972,1.00,1.00
2017.09.12 12:12:12.345,7.98855,7.98977,1.00,1.00
2017.09.12 12:12:12.396,7.9886,7.98982,1.00,1.00
2017.09.12 12:12:12.855,7.98864,7.98985,1.00,1.00
2017.09.12 12:12:13.263,7.9887,7.98989,1.00,1.00
2017.09.12 12:12:14.571,7.9887,7.98991,1.00,1.00
2017.09.12 12:12:18.416,7.98861,7.98983,1.00,1.00
2017.09.12 12:12:18.467,7.98854,7.98975,1.00,1.00
2017.09.12 12:12:18.846,7.98864,7.98985,1.00,1.00
2017.09.12 12:12:19.488,7.98871,7.98991,1.00,1.00
2017.09.12 12:12:19.640,7.98866,7.98987,1.00,1.00
2017.09.12 12:12:19.844,7.98862,7.98984,1.00,1.00
2017.09.12 12:12:20.074,7.98867,7.98979,1.00,1.00
2017.09.12 12:12:21.057,7.98871,7.98982,1.00,1.00
2017.09.12 12:12:22.030,7.98893,7.99005,1.00,1.00
2017.09.12 12:12:22.081,7.98907,7.99019,1.00,1.00
2017.09.12 12:12:22.389,7.98905,7.99015,1.00,1.00
2017.09.12 12:12:22.492,7.989,7.99012,1.00,1.00
2017.09.12 12:12:24.246,7.98881,7.98993,1.00,1.00
2017.09.12 12:12:24.550,7.98892,7.99003,1.00,1.00
2017.09.12 12:12:25.867,7.98882,7.98994,1.00,1.00
2017.09.12 12:12:25.969,7.98891,7.99002,1.00,1.00
2017.09.12 12:12:26.891,7.98892,7.99002,1.00,1.00
2017.09.12 12:12:26.942,7.98893,7.99004,1.00,1.00
2017.09.12 12:12:26.993,7.98883,7.98995,1.00,1.00
2017.09.12 12:12:27.044,7.98889,7.99001,1.00,1.00
2017.09.12 12:12:27.667,7.9889,7.99002,1.00,1.00
2017.09.12 12:12:28.007,7.9888,7.98991,1.00,1.00
2017.09.12 12:12:29.635,7.98878,7.9899,1.00,1.00
2017.09.12 12:12:29.967,7.98859,7.98971,1.00,1.00
2017.09.12 12:12:30.281,7.98844,7.98956,1.00,1.00
2017.09.12 12:12:30.811,7.98847,7.98959,1.00,1.00
2017.09.12 12:12:31.364,7.98858,7.9897,1.00,1.00
2017.09.12 12:12:32.006,7.98859,7.9897,1.00,1.00
2017.09.12 12:12:32.380,7.98849,7.98961,1.00,1.00
2017.09.12 12:12:32.894,7.98849,7.9896,1.00,1.00
2017.09.12 12:12:34.152,7.98851,7.98962,1.00,1.00
2017.09.12 12:12:34.456,7.98863,7.98972,1.00,1.00
2017.09.12 12:12:34.507,7.98859,7.9897,1.00,1.00
2017.09.12 12:12:34.619,7.98857,7.98968,1.00,1.00
2017.09.12 12:12:35.136,7.98855,7.98967,1.00,1.00
2017.09.12 12:12:36.181,7.9886,7.98972,1.00,1.00
2017.09.12 12:12:36.486,7.98873,7.98984,1.00,1.00
2017.09.12 12:12:38.487,7.98867,7.98978,1.00,1.00
2017.09.12 12:12:38.807,7.9886,7.98971,1.00,1.00
2017.09.12 12:12:41.158,7.98864,7.98976,1.00,1.00
2017.09.12 12:12:42.362,7.98872,7.98983,1.00,1.00
2017.09.12 12:12:42.717,7.98878,7.9899,1.00,1.00
2017.09.12 12:12:44.637,7.98881,7.98992,1.00,1.00
2017.09.12 12:12:45.399,7.98882,7.98994,1.00,1.00
2017.09.12 12:12:47.307,7.98877,7.98988,1.00,1.00
2017.09.12 12:12:47.626,7.98883,7.98994,1.00,1.00
2017.09.12 12:12:48.478,7.9887,7.98982,1.37,1.00
2017.09.12 12:12:48.782,7.98842,7.98953,1.37,1.00
2017.09.12 12:12:49.133,7.98837,7.98948,1.50,1.00
2017.09.12 12:12:49.286,7.98841,7.98952,1.37,1.00
2017.09.12 12:12:49.691,7.98841,7.98952,1.37,1.00
2017.09.12 12:12:49.792,7.98854,7.98965,1.00,1.00
2017.09.12 12:12:49.843,7.98857,7.98968,1.00,1.00
2017.09.12 12:12:50.139,7.98868,7.9898,1.00,1.00
2017.09.12 12:12:50.478,7.98864,7.98975,1.00,1.00
2017.09.12 12:12:51.738,7.98868,7.9898,1.00,1.00
2017.09.12 12:12:51.789,7.98874,7.98986,1.00,1.00
2017.09.12 12:12:52.093,7.98887,7.98999,1.00,1.00
2017.09.12 12:12:52.397,7.98896,7.99008,1.00,1.00
2017.09.12 12:12:52.541,7.98882,7.99004,1.00,1.00
2017.09.12 12:12:53.289,7.98879,7.99,1.12,1.00
2017.09.12 12:12:53.614,7.98872,7.98993,1.37,1.00
2017.09.12 12:12:53.752,7.98879,7.98998,1.00,1.00
2017.09.12 12:12:53.803,7.98887,7.99008,1.00,1.00
2017.09.12 12:12:53.854,7.98885,7.99006,1.00,1.00
2017.09.12 12:12:53.905,7.98882,7.99004,1.00,1.00
2017.09.12 12:12:54.657,7.98882,7.99004,1.37,1.00
2017.09.12 12:12:55.538,7.98883,7.99005,1.37,1.00
2017.09.12 12:12:56.682,7.98888,7.99008,1.37,1.00
2017.09.12 12:12:57.719,7.98888,7.99008,1.00,1.00
2017.09.12 12:12:59.500,7.989,7.99012,1.00,1.00
2017.09.12 12:12:59.803,7.98897,7.99009,1.00,1.00
2017.09.12 12:13:01.239,7.98876,7.99006,1.00,1.00
2017.09.12 12:13:01.811,7.98896,7.99024,1.00,1.00
2017.09.12 12:13:01.999,7.98903,7.99033,1.00,1.00
2017.09.12 12:13:02.051,7.98949,7.99076,1.00,1.00
2017.09.12 12:13:02.152,7.98952,7.99082,1.00,1.00
2017.09.12 12:13:02.203,7.98954,7.99084,1.00,1.00
2017.09.12 12:13:02.551,7.98963,7.99093,1.00,1.00
2017.09.12 12:13:02.856,7.98957,7.99087,1.00,1.00
2017.09.12 12:13:03.245,7.98955,7.99085,1.00,1.00
2017.09.12 12:13:03.874,7.98967,7.99097,1.00,1.00
2017.09.12 12:13:04.177,7.98977,7.99107,1.00,1.00
2017.09.12 12:13:04.481,7.9894,7.9902,1.00,1.00
2017.09.12 12:13:04.532,7.9894,7.9903,1.00,1.00
2017.09.12 12:13:04.583,7.98946,7.99059,1.00,1.00
2017.09.12 12:13:04.634,7.98942,7.99052,1.00,1.00
2017.09.12 12:13:04.685,7.98968,7.99084,1.00,1.00
2017.09.12 12:13:04.786,7.9896,7.99072,1.00,1.00
2017.09.12 12:13:05.122,7.98956,7.99068,1.00,1.00
2017.09.12 12:13:05.561,7.9896,7.99072,1.00,1.00
2017.09.12 12:13:05.927,7.9895,7.99062,1.00,1.00
2017.09.12 12:13:06.241,7.9896,7.9907,1.00,1.00
2017.09.12 12:13:06.756,7.98947,7.99057,1.00,1.00
2017.09.12 12:13:06.808,7.98939,7.99051,1.00,1.00
2017.09.12 12:13:09.207,7.98948,7.9906,1.00,1.00
2017.09.12 12:13:09.520,7.98968,7.9908,1.00,1.00
2017.09.12 12:13:09.928,7.98959,7.99071,1.00,1.00
2017.09.12 12:13:10.816,7.98956,7.99066,1.00,1.00
2017.09.12 12:13:12.264,7.98952,7.99062,1.00,1.00
2017.09.12 12:13:12.366,7.9895,7.99062,1.00,1.00
2017.09.12 12:13:12.417,7.98956,7.99066,1.00,1.00
2017.09.12 12:13:12.938,7.98955,7.99067,1.00,1.00
2017.09.12 12:13:13.989,7.98923,7.99033,1.00,1.00
2017.09.12 12:13:14.041,7.98929,7.99041,1.00,1.00
2017.09.12 12:13:14.092,7.98923,7.9902,1.00,1.00
2017.09.12 12:13:14.142,7.98908,7.9902,1.00,1.00
2017.09.12 12:13:14.345,7.98907,7.99007,1.00,1.00
2017.09.12 12:13:14.447,7.98895,7.99007,1.00,1.00
2017.09.12 12:13:14.852,7.98885,7.98997,1.50,1.00
2017.09.12 12:13:15.185,7.9889,7.99001,1.00,1.00
2017.09.12 12:13:15.590,7.98897,7.99009,1.00,1.00
2017.09.12 12:13:15.742,7.98888,7.98996,1.00,1.00
2017.09.12 12:13:15.894,7.9888,7.98992,1.00,1.00
2017.09.12 12:13:15.945,7.98885,7.98995,1.00,1.00
2017.09.12 12:13:17.797,7.98867,7.98975,1.00,1.00
2017.09.12 12:13:17.848,7.98858,7.9897,1.00,1.00
2017.09.12 12:13:20.194,7.9886,7.98972,1.00,1.00
2017.09.12 12:13:20.836,7.98864,7.98976,1.00,1.00
2017.09.12 12:13:21.828,7.98876,7.98986,1.00,1.00
2017.09.12 12:13:21.879,7.98889,7.99001,1.00,1.00
2017.09.12 12:13:21.930,7.98896,7.99008,1.00,1.00
2017.09.12 12:13:22.931,7.98886,7.98998,1.00,1.00
2017.09.12 12:13:25.222,7.98891,7.99002,1.00,1.00
2017.09.12 12:13:25.953,7.98903,7.99015,1.00,1.00
2017.09.12 12:13:26.004,7.98907,7.99018,1.00,1.00
2017.09.12 12:13:26.055,7.9891,7.99022,1.00,1.00
2017.09.12 12:13:26.106,7.98902,7.99014,1.00,1.00
2017.09.12 12:13:26.410,7.98888,7.99,1.37,1.00
2017.09.12 12:13:27.675,7.98888,7.99,1.37,1.00
2017.09.12 12:13:27.827,7.98896,7.99008,1.00,1.00
2017.09.12 12:13:28.545,7.98897,7.99009,1.00,1.00
2017.09.12 12:13:28.781,7.98905,7.99009,1.00,1.00
2017.09.12 12:13:29.107,7.98897,7.99009,1.00,1.00
2017.09.12 12:13:29.315,7.98899,7.99009,1.00,1.00
2017.09.12 12:13:29.573,7.98884,7.98995,1.00,1.00
2017.09.12 12:13:29.727,7.98885,7.98997,1.00,1.00
2017.09.12 12:13:30.042,7.98885,7.98997,1.37,1.00
2017.09.12 12:13:30.358,7.98874,7.98982,1.37,1.00
2017.09.12 12:13:30.460,7.98849,7.9896,1.87,1.00
2017.09.12 12:13:30.888,7.9888,7.9899,1.00,1.00
2017.09.12 12:13:30.940,7.98883,7.98995,1.00,1.00
2017.09.12 12:13:31.117,7.98887,7.98996,1.00,1.00
2017.09.12 12:13:31.319,7.98884,7.98996,1.00,1.00
2017.09.12 12:13:31.421,7.98875,7.98987,1.00,1.00
2017.09.12 12:13:31.733,7.98873,7.98985,1.00,1.00
2017.09.12 12:13:32.054,7.98868,7.98973,1.00,1.00
2017.09.12 12:13:32.207,7.98868,7.9898,1.00,1.00
2017.09.12 12:13:32.258,7.98879,7.9899,1.00,1.00
2017.09.12 12:13:32.309,7.98883,7.98995,1.00,1.00
2017.09.12 12:13:32.360,7.98887,7.98999,1.37,1.00
2017.09.12 12:13:32.905,7.98882,7.98994,1.37,1.00
2017.09.12 12:13:33.210,7.98851,7.98962,1.12,1.00
2017.09.12 12:13:34.610,7.98864,7.98976,1.00,1.00
2017.09.12 12:13:34.662,7.98868,7.9898,1.00,1.00
2017.09.12 12:13:34.975,7.98872,7.98983,1.00,1.00
2017.09.12 12:13:35.322,7.9887,7.98981,1.00,1.00
2017.09.12 12:13:35.950,7.98877,7.98988,1.00,1.00
2017.09.12 12:13:36.051,7.98888,7.99,1.00,1.00
2017.09.12 12:13:36.576,7.98889,7.99,1.00,1.00
2017.09.12 12:13:37.008,7.98889,7.99,1.37,1.00
2017.09.12 12:13:39.241,7.98889,7.99,1.37,1.00
2017.09.12 12:13:41.492,7.98899,7.9901,1.00,1.00
2017.09.12 12:13:41.543,7.98909,7.99021,1.75,1.00
2017.09.12 12:13:41.631,7.98919,7.99031,1.37,1.00
2017.09.12 12:13:41.682,7.98908,7.99019,1.75,1.00
2017.09.12 12:13:41.998,7.98905,7.99016,1.75,1.00
2017.09.12 12:13:42.345,7.98903,7.99014,1.75,1.00
2017.09.12 12:13:42.449,7.98914,7.99025,1.37,1.00
2017.09.12 12:13:42.568,7.9892,7.99031,1.37,1.00
2017.09.12 12:13:42.619,7.98921,7.99033,1.37,1.00
