2017.04.13 10:00:00.236,8.99536,8.99708,1.00,1.00
2017.04.13 10:00:00.419,8.99517,8.99708,1.00,1.00
2017.04.13 10:00:00.775,8.99517,8.99695,1.00,1.00
2017.04.13 10:00:01.089,8.9953,8.99675,1.00,1.00
2017.04.13 10:00:01.444,8.99511,8.99675,1.00,1.00
2017.04.13 10:00:02.039,8.99512,8.99675,1.00,1.00
2017.04.13 10:00:02.130,8.99486,8.99675,1.00,1.00
2017.04.13 10:00:02.635,8.9948,8.99675,1.00,1.00
2017.04.13 10:00:02.736,8.99501,8.99675,1.00,1.00
2017.04.13 10:00:03.090,8.99503,8.99675,1.00,1.00
2017.04.13 10:00:03.412,8.995,8.99675,1.00,1.00
2017.04.13 10:00:03.607,8.99498,8.99675,1.00,1.00
2017.04.13 10:00:03.982,8.99496,8.99675,1.00,1.00
2017.04.13 10:00:04.156,8.99494,8.99675,1.00,1.00
2017.04.13 10:00:04.828,8.99492,8.99675,1.00,1.00
2017.04.13 10:00:05.491,8.99497,8.99675,1.00,1.00
2017.04.13 10:00:06.827,8.99499,8.99675,1.00,1.00
2017.04.13 10:00:09.293,8.99525,8.99675,1.00,1.00
2017.04.13 10:00:09.469,8.99525,8.99695,1.00,1.00
2017.04.13 10:00:09.528,8.99547,8.99695,1.00,1.00
2017.04.13 10:00:09.630,8.99547,8.99703,1.00,1.00
2017.04.13 10:00:09.819,8.99553,8.99703,1.00,1.00
2017.04.13 10:00:10.174,8.99545,8.99703,1.00,1.00
2017.04.13 10:00:10.376,8.99547,8.99703,1.00,1.00
2017.04.13 10:00:10.902,8.99548,8.99703,1.00,1.00
2017.04.13 10:00:11.232,8.99551,8.99703,1.00,1.00
2017.04.13 10:00:11.567,8.99556,8.99703,1.00,1.00
2017.04.13 10:00:12.173,8.99557,8.99703,1.00,1.00
2017.04.13 10:00:12.503,8.99557,8.99672,1.00,1.00
2017.04.13 10:00:12.833,8.99559,8.99672,1.00,1.00
2017.04.13 10:00:13.163,8.99562,8.99672,1.00,1.00
2017.04.13 10:00:13.963,8.99563,8.99672,1.00,1.00
2017.04.13 10:00:14.148,8.99564,8.99678,1.00,1.00
2017.04.13 10:00:14.443,8.99564,8.99682,1.00,1.00
2017.04.13 10:00:14.697,8.99559,8.99682,1.00,1.00
2017.04.13 10:00:15.423,8.99559,8.99683,1.00,1.00
2017.04.13 10:00:15.676,8.9958,8.99704,1.00,1.00
2017.04.13 10:00:15.980,8.99591,8.99714,1.00,1.00
2017.04.13 10:00:16.696,8.99593,8.99716,1.00,1.00
2017.04.13 10:00:17.706,8.99592,8.99716,1.00,1.00
2017.04.13 10:00:18.711,8.99597,8.9972,1.00,1.00
2017.04.13 10:00:24.497,8.99597,8.99718,1.00,1.00
2017.04.13 10:00:25.281,8.9959,8.99713,1.00,1.00
2017.04.13 10:00:26.108,8.99583,8.99707,1.00,1.00
2017.04.13 10:00:28.038,8.99579,8.99702,1.00,1.00
2017.04.13 10:00:32.439,8.99575,8.99698,1.00,1.00
2017.04.13 10:00:34.776,8.99578,8.99702,1.00,1.00
2017.04.13 10:00:39.506,8.99577,8.997,1.00,1.00
2017.04.13 10:00:40.284,8.99583,8.99706,1.00,1.00
2017.04.13 10:00:42.705,8.99593,8.99715,1.00,1.00
2017.04.13 10:00:42.757,8.99606,8.99729,1.00,1.00
2017.04.13 10:00:42.807,8.99617,8.9974,1.00,1.00
2017.04.13 10:00:43.110,8.99638,8.99761,1.00,1.00
2017.04.13 10:00:43.893,8.99631,8.99754,1.00,1.00
2017.04.13 10:00:45.019,8.99625,8.99748,1.00,1.00
2017.04.13 10:00:46.499,8.99624,8.99747,1.00,1.00
2017.04.13 10:00:47.484,8.99621,8.99742,1.00,1.00
2017.04.13 10:00:48.407,8.99625,8.99748,1.00,1.00
2017.04.13 10:00:49.367,8.99621,8.99744,1.00,1.00
2017.04.13 10:00:50.416,8.9962,8.99743,1.00,1.00
2017.04.13 10:00:50.568,8.99601,8.99747,1.00,1.00
2017.04.13 10:00:50.619,8.99601,8.99747,1.00,1.37
2017.04.13 10:00:50.923,8.99605,8.99729,1.00,1.00
2017.04.13 10:00:53.338,8.99591,8.99714,1.00,1.00
2017.04.13 10:00:53.390,8.99584,8.99708,1.00,1.00
2017.04.13 10:00:53.491,8.99576,8.99697,1.00,1.00
2017.04.13 10:00:53.896,8.99566,8.99689,1.00,1.00
2017.04.13 10:00:54.865,8.9957,8.99693,1.00,1.00
2017.04.13 10:00:55.874,8.9957,8.99697,1.00,1.00
2017.04.13 10:00:57.338,8.99564,8.99692,1.00,1.00
2017.04.13 10:01:00.056,8.9956,8.99692,1.00,1.00
2017.04.13 10:01:00.611,8.99549,8.99681,1.00,1.00
2017.04.13 10:01:01.089,8.99554,8.99686,1.00,1.00
2017.04.13 10:01:01.706,8.99549,8.99681,1.00,1.00
2017.04.13 10:01:03.079,8.99543,8.99675,1.00,1.00
2017.04.13 10:01:03.487,8.99519,8.99651,1.00,1.00
2017.04.13 10:01:03.841,8.99504,8.99627,1.00,1.00
2017.04.13 10:01:04.281,8.99497,8.99621,1.00,1.00
2017.04.13 10:01:04.771,8.99493,8.99616,1.00,1.00
2017.04.13 10:01:05.093,8.99482,8.99605,1.00,1.00
2017.04.13 10:01:05.396,8.99442,8.99565,1.00,1.00
2017.04.13 10:01:05.700,8.9942,8.99544,1.00,1.00
2017.04.13 10:01:06.407,8.99415,8.99539,1.00,1.00
2017.04.13 10:01:06.712,8.99409,8.99532,1.00,1.00
2017.04.13 10:01:07.710,8.9941,8.99533,1.00,1.00
2017.04.13 10:01:09.360,8.99401,8.99518,1.00,1.00
2017.04.13 10:01:09.462,8.99397,8.99518,1.00,1.00
2017.04.13 10:01:09.730,8.99403,8.99526,1.00,1.00
2017.04.13 10:01:10.372,8.99409,8.99533,1.00,1.00
2017.04.13 10:01:11.196,8.99407,8.99528,1.00,1.00
2017.04.13 10:01:16.198,8.99417,8.9954,1.00,1.00
2017.04.13 10:01:19.895,8.99415,8.99536,1.00,1.00
2017.04.13 10:01:21.507,8.99414,8.99524,1.00,1.00
2017.04.13 10:01:21.558,8.99417,8.9953,1.00,1.00
2017.04.13 10:01:22.196,8.99416,8.9953,1.00,1.00
2017.04.13 10:01:22.527,8.99412,8.9953,1.00,1.00
2017.04.13 10:01:22.748,8.9941,8.9953,1.00,1.00
2017.04.13 10:01:23.078,8.99408,8.9953,1.50,1.00
2017.04.13 10:01:23.421,8.99414,8.9953,1.00,1.00
2017.04.13 10:01:23.744,8.99408,8.9953,1.00,1.00
2017.04.13 10:01:24.596,8.99407,8.99529,1.00,1.00
2017.04.13 10:01:26.953,8.99405,8.99523,1.00,1.00
2017.04.13 10:01:27.004,8.99406,8.99529,1.00,1.00
2017.04.13 10:01:28.033,8.99405,8.99523,1.00,1.00
2017.04.13 10:01:28.084,8.99416,8.99539,1.00,1.00
2017.04.13 10:01:32.987,8.99407,8.99525,1.00,1.00
2017.04.13 10:01:33.088,8.99405,8.99525,1.00,1.00
2017.04.13 10:01:33.424,8.99403,8.99525,1.00,1.00
2017.04.13 10:01:34.416,8.99416,8.99539,1.00,1.00
2017.04.13 10:01:34.669,8.99403,8.99522,1.00,1.00
2017.04.13 10:01:34.888,8.99401,8.99522,1.00,1.00
2017.04.13 10:01:35.057,8.99422,8.99544,1.00,1.00
2017.04.13 10:01:35.679,8.99422,8.99546,1.00,1.00
2017.04.13 10:01:35.780,8.99422,8.99544,1.00,1.00
2017.04.13 10:01:35.982,8.99433,8.99556,1.00,1.00
2017.04.13 10:01:36.969,8.99434,8.99557,1.00,1.00
2017.04.13 10:01:38.419,8.99444,8.99567,1.00,1.00
2017.04.13 10:01:38.830,8.99454,8.99567,1.00,1.00
2017.04.13 10:01:39.345,8.99453,8.99567,1.00,1.00
2017.04.13 10:01:39.396,8.99452,8.99572,1.00,1.00
2017.04.13 10:01:39.945,8.99451,8.99572,1.00,1.00
2017.04.13 10:01:40.047,8.99454,8.99572,1.00,1.00
2017.04.13 10:01:40.380,8.99454,8.99574,1.00,1.00
2017.04.13 10:01:40.787,8.99456,8.99574,1.00,1.00
2017.04.13 10:01:41.381,8.99457,8.99574,1.00,1.00
2017.04.13 10:01:41.717,8.99459,8.99573,1.00,1.00
2017.04.13 10:01:41.768,8.99459,8.99583,1.50,1.00
2017.04.13 10:01:41.819,8.99459,8.99573,1.00,1.00
2017.04.13 10:01:42.132,8.99447,8.99555,1.00,1.00
2017.04.13 10:01:42.656,8.99444,8.99555,1.00,1.00
2017.04.13 10:01:43.169,8.99443,8.99555,1.00,1.00
2017.04.13 10:01:43.976,8.99442,8.99555,1.00,1.00
2017.04.13 10:01:44.343,8.99439,8.99547,1.00,1.00
2017.04.13 10:01:44.647,8.99424,8.99547,1.00,1.00
2017.04.13 10:01:45.332,8.99423,8.99546,1.00,1.00
2017.04.13 10:01:46.606,8.99426,8.99549,1.00,1.00
2017.04.13 10:01:47.303,8.9943,8.99554,1.00,1.00
2017.04.13 10:01:48.319,8.99427,8.99548,1.00,1.00
2017.04.13 10:01:48.638,8.99432,8.99553,1.00,1.00
2017.04.13 10:01:48.690,8.99453,8.99577,1.00,1.00
2017.04.13 10:01:48.944,8.99438,8.99561,1.00,1.00
2017.04.13 10:01:49.551,8.99433,8.99554,1.00,1.00
2017.04.13 10:01:50.508,8.99431,8.99555,1.00,1.00
2017.04.13 10:01:53.143,8.99427,8.9955,1.00,1.00
2017.04.13 10:01:53.950,8.99426,8.9955,1.00,1.00
2017.04.13 10:01:54.975,8.99428,8.99552,1.00,1.00
2017.04.13 10:01:55.953,8.99428,8.99551,1.00,1.00
2017.04.13 10:02:00.167,8.99426,8.9955,1.00,1.00
2017.04.13 10:02:00.630,8.99416,8.9954,1.00,1.00
2017.04.13 10:02:01.188,8.99411,8.99535,1.00,1.00
2017.04.13 10:02:01.853,8.99405,8.99529,1.00,1.00
2017.04.13 10:02:04.954,8.99406,8.9953,1.00,1.00
2017.04.13 10:02:07.607,8.9939,8.99514,1.00,1.00
2017.04.13 10:02:09.706,8.9939,8.99512,1.00,1.00
2017.04.13 10:02:10.476,8.99396,8.9952,1.00,1.00
2017.04.13 10:02:12.198,8.99396,8.99536,1.00,1.00
2017.04.13 10:02:15.786,8.99401,8.99536,1.00,1.00
2017.04.13 10:02:16.094,8.99395,8.99529,1.00,1.00
2017.04.13 10:02:16.399,8.99378,8.99512,1.00,1.00
2017.04.13 10:02:17.111,8.99372,8.99506,1.00,1.00
2017.04.13 10:02:17.885,8.99367,8.99501,1.00,1.00
2017.04.13 10:02:19.994,8.99368,8.99502,1.00,1.00
2017.04.13 10:02:20.855,8.99373,8.99507,1.00,1.00
2017.04.13 10:02:21.175,8.99381,8.99518,1.00,1.00
2017.04.13 10:02:21.902,8.9937,8.99507,1.00,1.00
2017.04.13 10:02:22.054,8.99378,8.99516,1.00,1.00
2017.04.13 10:02:22.418,8.99369,8.99507,1.00,1.00
2017.04.13 10:02:23.415,8.99366,8.99505,1.00,1.00
2017.04.13 10:02:24.418,8.99366,8.99502,1.00,1.00
2017.04.13 10:02:25.410,8.99369,8.99507,1.00,1.00
2017.04.13 10:02:25.527,8.99362,8.99507,1.00,1.00
2017.04.13 10:02:30.278,8.99363,8.99507,1.00,1.00
2017.04.13 10:02:33.040,8.99376,8.9952,1.00,1.00
2017.04.13 10:02:33.343,8.99393,8.99534,1.00,1.00
2017.04.13 10:02:33.699,8.99385,8.99529,1.00,1.00
2017.04.13 10:02:33.801,8.99371,8.99515,1.00,1.00
2017.04.13 10:02:34.836,8.99366,8.9951,1.00,1.00
2017.04.13 10:02:35.713,8.99369,8.99511,1.00,1.00
2017.04.13 10:02:36.426,8.99361,8.99505,1.00,1.00
2017.04.13 10:02:37.534,8.99358,8.99502,1.00,1.00
2017.04.13 10:02:39.768,8.99361,8.99505,1.00,1.00
2017.04.13 10:02:40.566,8.99357,8.99502,1.00,1.00
2017.04.13 10:02:41.253,8.99368,8.99491,1.75,1.00
2017.04.13 10:02:41.304,8.99378,8.99501,1.37,1.00
2017.04.13 10:02:43.062,8.99378,8.99501,1.00,1.00
2017.04.13 10:02:45.257,8.99373,8.99496,1.00,1.00
2017.04.13 10:02:48.947,8.99374,8.99497,1.00,1.00
2017.04.13 10:02:49.945,8.99375,8.99498,1.00,1.00
2017.04.13 10:02:53.193,8.99383,8.99506,1.00,1.00
2017.04.13 10:02:53.538,8.99395,8.99518,1.00,1.00
2017.04.13 10:02:53.866,8.99406,8.99527,1.00,1.00
2017.04.13 10:02:54.835,8.99407,8.9953,1.00,1.00
2017.04.13 10:02:55.836,8.99408,8.99531,1.00,1.00
2017.04.13 10:03:02.417,8.99414,8.99537,1.00,1.00
2017.04.13 10:03:02.756,8.9942,8.99543,1.00,1.00
2017.04.13 10:03:05.075,8.99416,8.99539,1.00,1.00
2017.04.13 10:03:20.504,8.9941,8.99534,1.00,1.00
2017.04.13 10:03:21.503,8.99411,8.99534,1.00,1.00
2017.04.13 10:03:23.582,8.99407,8.99529,1.00,1.00
2017.04.13 10:03:26.737,8.99402,8.99525,1.00,1.00
2017.04.13 10:03:26.789,8.99386,8.99509,1.00,1.00
2017.04.13 10:03:27.092,8.99377,8.99498,1.00,1.00
2017.04.13 10:03:27.143,8.99353,8.99498,1.00,1.00
2017.04.13 10:03:27.533,8.99357,8.9948,1.00,1.00
2017.04.13 10:03:27.910,8.99373,8.99494,1.00,1.00
2017.04.13 10:03:27.960,8.99382,8.99506,1.00,1.00
2017.04.13 10:03:28.112,8.99396,8.99519,1.00,1.00
2017.04.13 10:03:30.347,8.99394,8.99518,1.00,1.00
2017.04.13 10:03:34.493,8.99389,8.99512,1.00,1.00
2017.04.13 10:03:35.486,8.99387,8.9951,1.00,1.00
2017.04.13 10:03:38.501,8.99393,8.99517,1.00,1.00
2017.04.13 10:03:40.647,8.99395,8.99518,1.00,1.00
2017.04.13 10:03:44.692,8.99401,8.99524,1.00,1.00
2017.04.13 10:03:44.843,8.99412,8.99536,1.00,1.00
2017.04.13 10:03:44.894,8.99425,8.99548,1.00,1.00
2017.04.13 10:03:45.046,8.99432,8.99556,1.00,1.00
2017.04.13 10:03:49.586,8.99437,8.9956,1.00,1.00
2017.04.13 10:03:50.245,8.99447,8.99571,1.00,1.00
2017.04.13 10:03:50.296,8.99457,8.9958,1.00,1.00
2017.04.13 10:03:50.647,8.99467,8.9959,1.00,1.00
2017.04.13 10:03:52.172,8.99473,8.99595,1.00,1.00
2017.04.13 10:03:54.896,8.99474,8.99597,1.00,1.00
2017.04.13 10:03:55.935,8.99476,8.99599,1.00,1.00
2017.04.13 10:04:00.407,8.99469,8.99595,1.00,1.00
2017.04.13 10:04:01.563,8.99474,8.99599,1.00,1.00
2017.04.13 10:04:05.220,8.99476,8.99601,1.00,1.00
2017.04.13 10:04:05.719,8.99488,8.99613,1.00,1.00
2017.04.13 10:04:05.821,8.99501,8.99627,1.00,1.00
2017.04.13 10:04:06.209,8.99511,8.99636,1.00,1.00
2017.04.13 10:04:07.252,8.99513,8.99639,1.00,1.00
2017.04.13 10:04:08.326,8.99515,8.99639,1.00,1.00
2017.04.13 10:04:08.985,8.99516,8.99639,1.00,1.00
2017.04.13 10:04:09.535,8.99519,8.99639,1.00,1.00
2017.04.13 10:04:10.195,8.9952,8.99638,1.00,1.00
2017.04.13 10:04:10.866,8.9952,8.99633,1.00,1.00
2017.04.13 10:04:14.071,8.99515,8.99633,1.00,1.00
2017.04.13 10:04:14.628,8.99516,8.99633,1.00,1.00
2017.04.13 10:04:14.925,8.99518,8.99633,1.00,1.00
2017.04.13 10:04:15.255,8.9952,8.99633,1.00,1.00
2017.04.13 10:04:16.304,8.99516,8.99633,1.00,1.00
2017.04.13 10:04:16.598,8.99507,8.99633,1.00,1.00
2017.04.13 10:04:16.904,8.99502,8.99633,1.00,1.00
2017.04.13 10:04:17.452,8.99507,8.99639,1.00,1.00
2017.04.13 10:04:17.503,8.99509,8.99639,1.00,1.00
2017.04.13 10:04:17.708,8.99507,8.99639,1.00,1.00
2017.04.13 10:04:18.434,8.99509,8.9964,1.00,1.00
2017.04.13 10:04:23.617,8.99515,8.9964,1.00,1.00
2017.04.13 10:04:23.947,8.99511,8.9964,1.00,1.00
2017.04.13 10:04:24.957,8.99511,8.99642,1.50,1.00
2017.04.13 10:04:25.764,8.99518,8.99649,1.00,1.00
2017.04.13 10:04:27.465,8.9952,8.99649,1.00,1.00
2017.04.13 10:04:27.986,8.99519,8.99649,1.00,1.00
2017.04.13 10:04:28.584,8.9952,8.99649,1.00,1.00
2017.04.13 10:04:29.335,8.99521,8.99649,1.00,1.00
2017.04.13 10:04:29.541,8.99532,8.99663,1.00,1.00
2017.04.13 10:04:29.592,8.99526,8.99657,1.00,1.00
2017.04.13 10:04:31.636,8.99527,8.99658,1.00,1.00
2017.04.13 10:04:31.966,8.9952,8.99651,1.00,1.00
2017.04.13 10:04:33.002,8.99533,8.99664,1.00,1.00
2017.04.13 10:04:33.851,8.99549,8.9968,1.00,1.00
2017.04.13 10:04:35.288,8.99552,8.99681,1.00,1.00
2017.04.13 10:04:36.550,8.99554,8.99686,1.00,1.00
2017.04.13 10:04:37.536,8.99556,8.99687,1.00,1.00
2017.04.13 10:04:38.486,8.99551,8.99683,1.00,1.00
2017.04.13 10:04:40.702,8.99558,8.99689,1.00,1.00
2017.04.13 10:04:40.774,8.99552,8.99684,1.00,1.00
2017.04.13 10:04:49.255,8.99548,8.9968,1.00,1.00
2017.04.13 10:04:49.357,8.99529,8.99667,1.00,1.00
2017.04.13 10:04:49.409,8.99539,8.9967,1.00,1.00
2017.04.13 10:04:50.547,8.99534,8.99665,1.00,1.00
2017.04.13 10:04:50.850,8.99539,8.9967,1.00,1.00
2017.04.13 10:04:52.483,8.9954,8.9967,1.00,1.00
2017.04.13 10:04:52.984,8.99541,8.9967,1.00,1.00
2017.04.13 10:04:53.332,8.99545,8.99676,1.00,1.00
2017.04.13 10:04:54.964,8.99548,8.99676,1.00,1.00
2017.04.13 10:04:55.374,8.9955,8.99676,1.00,1.00
2017.04.13 10:04:55.726,8.99552,8.99676,1.00,1.00
2017.04.13 10:04:56.197,8.99554,8.99672,1.00,1.00
2017.04.13 10:04:56.522,8.99556,8.99672,1.00,1.00
2017.04.13 10:04:57.132,8.99557,8.99672,1.00,1.00
2017.04.13 10:04:57.412,8.99543,8.99672,1.00,1.00
2017.04.13 10:04:57.463,8.99549,8.99681,1.00,1.00
2017.04.13 10:04:59.254,8.9955,8.99681,1.00,1.00
2017.04.13 10:04:59.823,8.99549,8.99681,1.00,1.00
2017.04.13 10:05:01.048,8.99558,8.99681,1.00,1.00
2017.04.13 10:05:01.573,8.99551,8.99681,1.00,1.00
2017.04.13 10:05:02.131,8.99552,8.99681,1.00,1.00
2017.04.13 10:05:02.445,8.99554,8.99681,1.00,1.00
2017.04.13 10:05:03.231,8.99556,8.99681,1.00,1.00
2017.04.13 10:05:04.644,8.99555,8.99681,1.00,1.00
2017.04.13 10:05:05.085,8.99551,8.99681,1.00,1.00
2017.04.13 10:05:05.484,8.9955,8.99679,1.50,1.00
2017.04.13 10:05:06.389,8.9956,8.99691,1.00,1.00
2017.04.13 10:05:06.440,8.99577,8.99706,1.00,1.00
2017.04.13 10:05:06.491,8.99584,8.99715,1.00,1.00
2017.04.13 10:05:07.726,8.99585,8.99715,1.00,1.00
2017.04.13 10:05:07.827,8.99598,8.9973,1.00,1.00
2017.04.13 10:05:07.878,8.99585,8.99726,1.00,1.00
2017.04.13 10:05:08.080,8.99587,8.99726,1.00,1.00
2017.04.13 10:05:08.386,8.99594,8.99734,1.00,1.00
2017.04.13 10:05:10.079,8.99595,8.99734,1.00,1.00
2017.04.13 10:05:10.181,8.99595,8.99728,1.00,1.00
2017.04.13 10:05:10.521,8.9959,8.99703,1.00,1.00
2017.04.13 10:05:10.623,8.99572,8.99703,1.00,1.00
2017.04.13 10:05:10.926,8.99576,8.99703,1.00,1.00
2017.04.13 10:05:11.346,8.99576,8.99674,1.00,1.00
2017.04.13 10:05:11.397,8.99576,8.99687,1.00,1.00
2017.04.13 10:05:11.557,8.99568,8.99687,1.00,1.00
2017.04.13 10:05:11.609,8.99568,8.99674,1.00,1.00
2017.04.13 10:05:11.862,8.9957,8.99694,1.00,1.00
2017.04.13 10:05:12.125,8.99565,8.99694,1.00,1.00
2017.04.13 10:05:12.455,8.99567,8.99694,1.00,1.00
2017.04.13 10:05:12.966,8.99568,8.99694,1.00,1.00
2017.04.13 10:05:13.485,8.9958,8.99674,1.00,1.00
2017.04.13 10:05:13.664,8.99565,8.99674,1.00,1.00
2017.04.13 10:05:14.002,8.99563,8.99674,1.00,1.00
2017.04.13 10:05:14.215,8.9956,8.99674,1.00,1.00
2017.04.13 10:05:14.367,8.9956,8.99664,1.00,1.00
2017.04.13 10:05:14.589,8.99552,8.99664,1.00,1.00
2017.04.13 10:05:14.875,8.99546,8.99664,1.00,1.00
2017.04.13 10:05:15.242,8.99549,8.99664,1.00,1.00
2017.04.13 10:05:15.558,8.99552,8.99674,1.00,1.00
2017.04.13 10:05:16.085,8.99554,8.99674,1.00,1.00
2017.04.13 10:05:16.640,8.99554,8.99654,1.00,1.00
2017.04.13 10:05:16.989,8.99554,8.99643,1.00,1.00
2017.04.13 10:05:17.090,8.99506,8.99643,1.00,1.00
2017.04.13 10:05:17.617,8.99504,8.99638,1.00,1.00
2017.04.13 10:05:17.846,8.99499,8.99638,1.00,1.00
2017.04.13 10:05:18.633,8.99495,8.99634,1.00,1.00
2017.04.13 10:05:20.195,8.99513,8.99644,1.00,1.00
2017.04.13 10:05:20.767,8.99507,8.99639,1.00,1.00
2017.04.13 10:05:20.818,8.99509,8.99639,1.00,1.00
2017.04.13 10:05:21.611,8.99515,8.99639,1.00,1.00
2017.04.13 10:05:22.032,8.99523,8.99639,1.00,1.00
2017.04.13 10:05:22.614,8.99524,8.99639,1.00,1.00
2017.04.13 10:05:22.685,8.99517,8.99639,1.00,1.00
2017.04.13 10:05:23.016,8.9952,8.99639,1.00,1.00
2017.04.13 10:05:23.345,8.99522,8.99639,1.00,1.00
2017.04.13 10:05:24.020,8.99523,8.99639,1.00,1.00
2017.04.13 10:05:24.347,8.99533,8.99639,1.00,1.00
2017.04.13 10:05:24.665,8.99527,8.99639,1.00,1.00
2017.04.13 10:05:24.982,8.99527,8.99646,1.00,1.00
2017.04.13 10:05:25.033,8.99525,8.99646,1.00,1.00
2017.04.13 10:05:25.084,8.99525,8.99636,1.00,1.00
2017.04.13 10:05:25.236,8.99522,8.99636,1.00,1.00
2017.04.13 10:05:25.544,8.9952,8.99636,1.00,1.00
2017.04.13 10:05:25.874,8.99517,8.99636,1.00,1.00
2017.04.13 10:05:26.227,8.99513,8.99636,1.00,1.00
2017.04.13 10:05:26.278,8.99513,8.99638,1.00,1.00
2017.04.13 10:05:26.430,8.99509,8.99638,1.00,1.00
2017.04.13 10:05:26.754,8.99507,8.99638,1.00,1.00
2017.04.13 10:05:27.084,8.99504,8.99638,1.00,1.00
2017.04.13 10:05:27.545,8.99514,8.99659,1.00,1.00
2017.04.13 10:05:27.955,8.9951,8.99652,1.00,1.00
2017.04.13 10:05:28.007,8.99508,8.99652,1.00,1.00
2017.04.13 10:05:28.110,8.99523,8.99655,1.00,1.00
2017.04.13 10:05:30.560,8.99518,8.99651,1.00,1.00
2017.04.13 10:05:31.515,8.99516,8.99646,1.00,1.00
2017.04.13 10:05:31.661,8.9952,8.99652,1.00,1.00
2017.04.13 10:05:34.727,8.995,8.99631,1.00,1.00
2017.04.13 10:05:35.030,8.99508,8.99638,1.00,1.00
2017.04.13 10:05:35.913,8.9951,8.99642,1.00,1.00
2017.04.13 10:05:40.738,8.99511,8.99643,1.00,1.00
2017.04.13 10:05:41.752,8.99514,8.99646,1.00,1.00
2017.04.13 10:05:42.092,8.99509,8.99641,1.00,1.00
2017.04.13 10:05:42.748,8.99512,8.99641,1.00,1.00
2017.04.13 10:05:43.428,8.99516,8.99641,1.00,1.00
2017.04.13 10:05:44.169,8.99518,8.99641,1.00,1.00
2017.04.13 10:05:44.505,8.99516,8.99641,1.00,1.00
2017.04.13 10:05:44.704,8.99514,8.99641,1.00,1.00
2017.04.13 10:05:45.496,8.99509,8.99641,1.00,1.00
2017.04.13 10:05:45.617,8.99507,8.9964,1.00,1.00
2017.04.13 10:05:48.401,8.99512,8.99644,1.00,1.00
2017.04.13 10:05:56.018,8.99511,8.99644,1.00,1.00
2017.04.13 10:05:59.673,8.99504,8.99628,1.00,1.00
2017.04.13 10:05:59.926,8.99485,8.99628,1.00,1.37
2017.04.13 10:06:00.027,8.99485,8.99628,1.00,1.00
2017.04.13 10:06:00.128,8.99495,8.99628,1.00,1.00
2017.04.13 10:06:00.532,8.99495,8.99611,1.00,1.00
2017.04.13 10:06:00.695,8.99478,8.99611,1.00,1.00
2017.04.13 10:06:00.796,8.99468,8.99601,1.00,1.00
2017.04.13 10:06:01.099,8.99482,8.99614,1.00,1.00
2017.04.13 10:06:02.125,8.99492,8.99625,1.00,1.00
2017.04.13 10:06:03.230,8.99499,8.99625,1.00,1.00
2017.04.13 10:06:03.676,8.99504,8.99625,1.00,1.00
2017.04.13 10:06:04.006,8.99509,8.99625,1.00,1.00
2017.04.13 10:06:04.330,8.99511,8.99625,1.00,1.00
2017.04.13 10:06:04.944,8.99513,8.99625,1.00,1.00
2017.04.13 10:06:05.435,8.99514,8.99623,1.00,1.00
2017.04.13 10:06:05.959,8.99515,8.99623,1.00,1.00
2017.04.13 10:06:06.529,8.99517,8.99623,1.00,1.00
2017.04.13 10:06:07.395,8.99518,8.99623,1.00,1.00
2017.04.13 10:06:09.565,8.99519,8.99623,1.00,1.00
2017.04.13 10:06:10.111,8.99518,8.99623,1.00,1.00
2017.04.13 10:06:10.656,8.99518,8.99624,1.00,1.00
2017.04.13 10:06:11.196,8.99518,8.99627,1.00,1.00
2017.04.13 10:06:11.320,8.99518,8.99632,1.00,1.00
2017.04.13 10:06:11.371,8.99526,8.99632,1.00,1.00
2017.04.13 10:06:11.765,8.99521,8.99632,1.00,1.00
2017.04.13 10:06:11.984,8.99523,8.99632,1.00,1.00
2017.04.13 10:06:12.590,8.99524,8.99632,1.00,1.00
2017.04.13 10:06:13.131,8.99525,8.99632,1.00,1.00
2017.04.13 10:06:13.440,8.99528,8.99632,1.00,1.00
2017.04.13 10:06:13.664,8.99526,8.99632,1.00,1.00
2017.04.13 10:06:14.014,8.99517,8.99632,1.00,1.00
2017.04.13 10:06:14.545,8.99518,8.99632,1.00,1.00
2017.04.13 10:06:14.646,8.995,8.99632,1.00,1.00
2017.04.13 10:06:15.000,8.99506,8.99638,1.50,1.00
2017.04.13 10:06:15.695,8.995,8.99639,1.00,1.00
2017.04.13 10:06:17.138,8.99499,8.99639,1.00,1.00
2017.04.13 10:06:18.333,8.99495,8.99635,1.00,1.00
2017.04.13 10:06:20.057,8.99499,8.99639,1.00,1.00
2017.04.13 10:06:22.426,8.99494,8.99634,1.00,1.00
2017.04.13 10:06:23.585,8.99466,8.99606,1.00,1.00
2017.04.13 10:06:25.353,8.99468,8.99608,1.00,1.00
2017.04.13 10:06:25.672,8.99461,8.99601,1.00,1.00
2017.04.13 10:06:25.975,8.99459,8.99591,1.00,1.00
2017.04.13 10:06:30.077,8.99456,8.99586,1.00,1.00
2017.04.13 10:06:34.801,8.99459,8.99591,1.00,1.00
2017.04.13 10:06:34.902,8.99465,8.99597,1.00,1.00
2017.04.13 10:06:35.804,8.9947,8.99602,1.00,1.00
2017.04.13 10:06:36.369,8.99463,8.99596,1.00,1.00
2017.04.13 10:06:36.761,8.9947,8.996,1.00,1.00
2017.04.13 10:06:39.155,8.99461,8.99593,1.00,1.00
2017.04.13 10:06:39.349,8.99456,8.99588,1.00,1.00
2017.04.13 10:06:42.100,8.99451,8.99583,1.00,1.00
2017.04.13 10:06:42.436,8.99445,8.99577,1.00,1.00
2017.04.13 10:06:45.742,8.99446,8.99579,1.00,1.00
2017.04.13 10:06:47.620,8.99452,8.99585,1.00,1.00
2017.04.13 10:06:49.849,8.99433,8.99587,1.00,1.86
2017.04.13 10:06:49.950,8.99434,8.99587,1.00,1.00
2017.04.13 10:06:50.001,8.99434,8.99582,1.00,1.00
2017.04.13 10:06:50.153,8.99418,8.99582,1.00,1.00
2017.04.13 10:06:50.567,8.99414,8.99546,1.00,1.00
2017.04.13 10:06:50.782,8.99406,8.99547,1.00,1.00
2017.04.13 10:06:50.833,8.99406,8.99547,1.00,1.60
2017.04.13 10:06:50.884,8.99386,8.99547,1.00,1.00
2017.04.13 10:06:50.934,8.99365,8.99489,1.00,1.00
2017.04.13 10:06:51.238,8.99319,8.99418,1.00,1.00
2017.04.13 10:06:51.289,8.99319,8.99425,1.00,1.00
2017.04.13 10:06:51.440,8.99319,8.99419,1.00,1.00
2017.04.13 10:06:51.491,8.9929,8.99419,1.00,1.00
2017.04.13 10:06:51.733,8.99288,8.99419,1.00,1.00
2017.04.13 10:06:51.835,8.99287,8.99445,1.00,1.00
2017.04.13 10:06:51.987,8.993,8.99445,1.00,1.00
2017.04.13 10:06:52.335,8.99305,8.99445,1.00,1.00
2017.04.13 10:06:52.437,8.99305,8.9945,1.00,1.00
2017.04.13 10:06:52.493,8.99307,8.9945,1.00,1.00
2017.04.13 10:06:52.824,8.9931,8.9945,1.00,1.00
2017.04.13 10:06:53.238,8.99303,8.9945,1.00,1.00
2017.04.13 10:06:53.374,8.99306,8.9945,1.00,1.00
2017.04.13 10:06:54.473,8.99307,8.9945,1.00,1.00
2017.04.13 10:06:54.683,8.99307,8.99455,1.00,1.00
2017.04.13 10:06:54.804,8.99305,8.99455,1.00,1.00
2017.04.13 10:06:55.746,8.99306,8.99455,1.00,1.00
2017.04.13 10:06:56.267,8.99306,8.99454,1.00,1.00
2017.04.13 10:06:56.698,8.99306,8.99452,1.00,1.00
2017.04.13 10:06:57.004,8.99287,8.99421,1.00,1.00
2017.04.13 10:06:57.055,8.99297,8.99432,1.00,1.00
2017.04.13 10:06:57.156,8.99317,8.99432,1.00,1.00
2017.04.13 10:06:57.417,8.993,8.99431,1.00,1.00
2017.04.13 10:06:57.620,8.99295,8.99434,1.00,1.00
2017.04.13 10:06:57.671,8.99297,8.99434,1.00,1.00
2017.04.13 10:06:58.228,8.99314,8.99442,1.00,1.00
2017.04.13 10:06:58.481,8.99314,8.99447,1.00,1.00
2017.04.13 10:06:58.582,8.99297,8.99446,1.00,1.00
2017.04.13 10:06:59.215,8.99319,8.99446,1.00,1.00
2017.04.13 10:06:59.720,8.9932,8.99446,1.00,1.00
2017.04.13 10:06:59.872,8.9932,8.99464,1.00,1.00
2017.04.13 10:06:59.923,8.9932,8.99469,1.00,1.00
2017.04.13 10:07:00.024,8.99341,8.99469,1.00,1.00
2017.04.13 10:07:00.327,8.99352,8.99469,1.00,1.00
2017.04.13 10:07:00.867,8.99361,8.99469,1.00,1.00
2017.04.13 10:07:01.624,8.9936,8.99469,1.00,1.00
2017.04.13 10:07:01.769,8.9936,8.99473,1.00,1.00
2017.04.13 10:07:01.985,8.9936,8.99493,1.00,1.00
2017.04.13 10:07:02.036,8.9936,8.99506,1.00,1.50
2017.04.13 10:07:02.087,8.99384,8.99506,1.00,1.00
2017.04.13 10:07:02.420,8.99379,8.99499,1.00,1.00
2017.04.13 10:07:02.992,8.9938,8.99499,1.00,1.00
2017.04.13 10:07:03.310,8.9937,8.9949,1.00,1.00
2017.04.13 10:07:03.462,8.9937,8.99485,1.00,1.00
2017.04.13 10:07:03.614,8.99365,8.99485,1.00,1.00
2017.04.13 10:07:04.144,8.99366,8.99485,1.00,1.00
2017.04.13 10:07:04.593,8.99368,8.99485,1.00,1.00
2017.04.13 10:07:05.554,8.99368,8.99484,1.00,1.00
2017.04.13 10:07:05.863,8.99368,8.99472,1.00,1.00
2017.04.13 10:07:06.417,8.99369,8.99472,1.00,1.00
2017.04.13 10:07:06.575,8.9936,8.99472,1.00,1.00
2017.04.13 10:07:06.904,8.9937,8.99472,1.00,1.00
2017.04.13 10:07:07.953,8.9937,8.99477,1.00,1.00
2017.04.13 10:07:10.287,8.9937,8.99476,1.00,1.00
2017.04.13 10:07:14.399,8.99368,8.99476,1.00,1.00
2017.04.13 10:07:14.450,8.99368,8.99482,1.00,1.00
2017.04.13 10:07:14.733,8.99375,8.99482,1.00,1.00
2017.04.13 10:07:15.797,8.99375,8.99481,1.00,1.00
2017.04.13 10:07:16.538,8.99375,8.99494,1.00,1.00
2017.04.13 10:07:16.690,8.99375,8.99503,1.00,1.00
2017.04.13 10:07:16.741,8.99375,8.99488,1.00,1.00
2017.04.13 10:07:17.611,8.99375,8.9949,1.00,1.00
2017.04.13 10:07:18.251,8.99377,8.9949,1.00,1.00
2017.04.13 10:07:18.810,8.99378,8.9949,1.00,1.00
2017.04.13 10:07:19.183,8.99381,8.9949,1.00,1.00
2017.04.13 10:07:19.843,8.9938,8.9949,1.00,1.00
2017.04.13 10:07:20.373,8.99381,8.99484,1.00,1.00
2017.04.13 10:07:20.576,8.99368,8.99484,1.00,1.00
2017.04.13 10:07:20.885,8.99375,8.99484,1.00,1.00
2017.04.13 10:07:22.129,8.99369,8.99479,1.00,1.00
2017.04.13 10:07:22.654,8.99367,8.99479,1.00,1.00
2017.04.13 10:07:25.421,8.99359,8.99479,1.00,1.00
2017.04.13 10:07:25.749,8.99367,8.99479,1.00,1.00
2017.04.13 10:07:26.095,8.99367,8.99488,1.00,1.00
2017.04.13 10:07:26.743,8.99366,8.99488,1.00,1.00
2017.04.13 10:07:26.830,8.99363,8.99488,1.00,1.00
2017.04.13 10:07:27.147,8.99361,8.99488,1.00,1.00
2017.04.13 10:07:27.369,8.99361,8.99484,1.00,1.00
2017.04.13 10:07:27.488,8.99357,8.99484,1.00,1.00
2017.04.13 10:07:27.694,8.99361,8.99484,1.00,1.00
2017.04.13 10:07:28.024,8.99366,8.99484,1.00,1.00
2017.04.13 10:07:28.354,8.9937,8.99484,1.00,1.00
2017.04.13 10:07:29.705,8.9937,8.99474,1.00,1.00
2017.04.13 10:07:29.806,8.99367,8.99474,1.00,1.00
2017.04.13 10:07:31.664,8.99365,8.99474,1.00,1.00
2017.04.13 10:07:32.261,8.99364,8.99474,1.00,1.00
2017.04.13 10:07:32.773,8.99363,8.99474,1.00,1.00
2017.04.13 10:07:32.896,8.99361,8.99474,1.00,1.00
2017.04.13 10:07:33.058,8.99365,8.99495,1.00,1.00
2017.04.13 10:07:33.109,8.99383,8.99504,1.00,1.00
2017.04.13 10:07:33.413,8.99383,8.99472,1.00,1.00
2017.04.13 10:07:33.463,8.99367,8.99472,1.00,1.00
2017.04.13 10:07:33.796,8.99361,8.99472,1.00,1.00
2017.04.13 10:07:33.963,8.99369,8.99472,1.00,1.00
2017.04.13 10:07:34.426,8.9937,8.9947,1.00,1.00
2017.04.13 10:07:34.754,8.9937,8.99477,1.00,1.00
2017.04.13 10:07:34.856,8.99362,8.99477,1.00,1.00
2017.04.13 10:07:35.431,8.99361,8.99477,1.00,1.00
2017.04.13 10:07:35.503,8.99359,8.99477,1.00,1.00
2017.04.13 10:07:35.850,8.99357,8.99477,1.00,1.00
2017.04.13 10:07:36.424,8.99361,8.99477,1.00,1.00
2017.04.13 10:07:36.757,8.99364,8.99477,1.00,1.00
2017.04.13 10:07:36.933,8.99359,8.99477,1.00,1.00
2017.04.13 10:07:37.263,8.99361,8.99477,1.00,1.00
2017.04.13 10:07:37.644,8.99362,8.99463,1.00,1.00
2017.04.13 10:07:37.971,8.99367,8.99463,1.00,1.00
2017.04.13 10:07:38.144,8.99361,8.99463,1.00,1.00
2017.04.13 10:07:38.682,8.9936,8.99463,1.00,1.00
2017.04.13 10:07:39.133,8.99355,8.99463,1.00,1.00
2017.04.13 10:07:39.391,8.99361,8.99463,1.00,1.00
2017.04.13 10:07:39.724,8.99357,8.99463,1.00,1.00
2017.04.13 10:07:39.942,8.99357,8.9946,1.00,1.00
2017.04.13 10:07:40.043,8.9935,8.99455,1.00,1.00
2017.04.13 10:07:40.144,8.9935,8.9946,1.00,1.00
2017.04.13 10:07:40.666,8.99351,8.9946,1.00,1.00
2017.04.13 10:07:40.817,8.99349,8.9946,1.00,1.00
2017.04.13 10:07:42.016,8.99345,8.9946,1.00,1.00
2017.04.13 10:07:42.369,8.99349,8.9946,1.00,1.00
2017.04.13 10:07:42.816,8.99349,8.99444,1.00,1.00
2017.04.13 10:07:43.135,8.99347,8.99438,1.00,1.00
2017.04.13 10:07:43.186,8.99347,8.99449,1.00,1.00
2017.04.13 10:07:43.287,8.99316,8.99449,1.00,1.00
2017.04.13 10:07:43.546,8.99327,8.99449,1.00,1.00
2017.04.13 10:07:43.900,8.99319,8.99449,1.00,1.23
2017.04.13 10:07:43.951,8.99319,8.99449,1.00,1.00
2017.04.13 10:07:44.126,8.99324,8.99449,1.00,1.00
2017.04.13 10:07:44.430,8.99309,8.99449,1.00,1.00
2017.04.13 10:07:45.073,8.99304,8.99449,1.00,1.00
2017.04.13 10:07:45.843,8.99303,8.99449,1.00,1.00
2017.04.13 10:07:45.894,8.99303,8.99441,1.00,1.00
2017.04.13 10:07:46.275,8.99305,8.99441,1.00,1.00
2017.04.13 10:07:46.937,8.99306,8.99441,1.00,1.00
2017.04.13 10:07:48.814,8.99307,8.99441,1.00,1.00
2017.04.13 10:07:50.669,8.99307,8.99438,1.00,1.00
2017.04.13 10:07:50.934,8.99302,8.99438,1.00,1.00
2017.04.13 10:07:51.124,8.99306,8.99438,1.00,1.00
2017.04.13 10:07:51.476,8.99302,8.99438,1.00,1.00
2017.04.13 10:07:51.647,8.99302,8.99436,1.00,1.00
2017.04.13 10:07:51.783,8.99296,8.99436,1.00,1.00
2017.04.13 10:07:52.443,8.99291,8.99436,1.00,1.00
2017.04.13 10:07:52.664,8.99289,8.99434,1.50,1.00
2017.04.13 10:07:54.260,8.99293,8.99439,1.00,1.00
2017.04.13 10:07:54.618,8.99307,8.9945,1.00,1.00
2017.04.13 10:07:54.721,8.99318,8.99464,1.00,1.00
2017.04.13 10:07:55.394,8.99312,8.99457,1.00,1.00
2017.04.13 10:07:56.415,8.9931,8.99457,1.00,1.00
2017.04.13 10:07:56.522,8.99315,8.99462,1.00,1.00
2017.04.13 10:07:57.528,8.99314,8.99461,1.00,1.00
2017.04.13 10:07:58.622,8.99316,8.99461,1.00,1.00
2017.04.13 10:07:59.263,8.99318,8.99461,1.00,1.00
2017.04.13 10:07:59.568,8.99318,8.99457,1.00,1.00
2017.04.13 10:08:00.066,8.9932,8.99457,1.00,1.00
2017.04.13 10:08:00.372,8.9933,8.99462,1.00,1.00
2017.04.13 10:08:00.725,8.99338,8.99462,1.00,1.00
2017.04.13 10:08:01.056,8.99347,8.99451,1.00,1.00
2017.04.13 10:08:01.665,8.99348,8.99451,1.00,1.00
2017.04.13 10:08:02.046,8.99348,8.99447,1.00,1.00
2017.04.13 10:08:02.666,8.99348,8.9944,1.00,1.00
2017.04.13 10:08:02.717,8.99346,8.9944,1.00,1.00
2017.04.13 10:08:02.818,8.99346,8.99435,1.00,1.00
2017.04.13 10:08:03.392,8.99345,8.99435,1.00,1.00
2017.04.13 10:08:03.663,8.99337,8.99435,1.00,1.00
2017.04.13 10:08:03.993,8.9933,8.99435,1.00,1.00
2017.04.13 10:08:04.323,8.99342,8.99435,1.00,1.00
2017.04.13 10:08:04.894,8.99341,8.99435,1.00,1.00
2017.04.13 10:08:05.204,8.99335,8.99435,1.00,1.00
2017.04.13 10:08:05.437,8.99329,8.9943,1.00,1.00
2017.04.13 10:08:06.079,8.99328,8.9943,1.00,1.00
2017.04.13 10:08:06.303,8.99326,8.9943,1.00,1.00
2017.04.13 10:08:06.826,8.99327,8.9943,1.00,1.00
2017.04.13 10:08:06.982,8.9932,8.9943,1.00,1.00
2017.04.13 10:08:07.293,8.99313,8.9943,1.00,1.00
2017.04.13 10:08:07.630,8.9932,8.99423,1.00,1.00
2017.04.13 10:08:07.879,8.99313,8.99423,1.00,1.00
2017.04.13 10:08:08.173,8.99308,8.99423,1.00,1.00
2017.04.13 10:08:10.320,8.9931,8.99423,1.00,1.00
2017.04.13 10:08:10.712,8.99314,8.99423,1.00,1.00
2017.04.13 10:08:11.186,8.99314,8.99421,1.00,1.00
2017.04.13 10:08:11.701,8.99313,8.99421,1.00,1.00
2017.04.13 10:08:12.354,8.99311,8.99421,1.00,1.00
2017.04.13 10:08:12.953,8.99284,8.99383,1.00,1.00
2017.04.13 10:08:13.155,8.99265,8.99394,1.00,1.00
2017.04.13 10:08:13.755,8.99266,8.99394,1.00,1.00
2017.04.13 10:08:13.806,8.99269,8.99394,1.00,1.00
2017.04.13 10:08:13.943,8.99269,8.99399,1.00,1.00
2017.04.13 10:08:14.367,8.99272,8.99399,1.00,1.00
2017.04.13 10:08:14.806,8.99274,8.99399,1.00,1.00
2017.04.13 10:08:15.415,8.99275,8.99399,1.00,1.00
2017.04.13 10:08:15.745,8.99278,8.99399,1.00,1.00
2017.04.13 10:08:16.077,8.9928,8.99399,1.00,1.00
2017.04.13 10:08:16.406,8.99282,8.99399,1.00,1.00
2017.04.13 10:08:16.738,8.99284,8.99399,1.00,1.00
2017.04.13 10:08:17.410,8.99283,8.99399,1.00,1.00
2017.04.13 10:08:19.107,8.99285,8.99399,1.00,1.00
2017.04.13 10:08:19.223,8.99285,8.99403,1.00,1.00
2017.04.13 10:08:19.274,8.99285,8.9941,1.00,1.00
2017.04.13 10:08:19.461,8.99283,8.9941,1.00,1.00
2017.04.13 10:08:19.563,8.99283,8.99398,1.00,1.00
2017.04.13 10:08:19.879,8.99285,8.99398,1.00,1.00
2017.04.13 10:08:20.281,8.99287,8.99398,1.00,1.00
2017.04.13 10:08:20.705,8.99288,8.99401,1.00,1.00
2017.04.13 10:08:20.882,8.99289,8.99395,1.00,1.00
2017.04.13 10:08:20.984,8.99271,8.99386,1.00,1.00
2017.04.13 10:08:21.190,8.99268,8.99375,1.00,1.00
2017.04.13 10:08:21.517,8.99264,8.99375,1.00,1.00
2017.04.13 10:08:22.070,8.99265,8.99375,1.00,1.00
2017.04.13 10:08:22.171,8.99269,8.99375,1.00,1.00
2017.04.13 10:08:22.366,8.9926,8.99375,1.00,1.00
2017.04.13 10:08:22.723,8.99254,8.99375,1.00,1.00
2017.04.13 10:08:23.707,8.99257,8.99375,1.00,1.00
2017.04.13 10:08:24.233,8.9926,8.99375,1.00,1.00
2017.04.13 10:08:24.893,8.99259,8.99375,1.00,1.00
2017.04.13 10:08:25.264,8.99262,8.99375,1.00,1.00
2017.04.13 10:08:25.448,8.9925,8.99373,1.00,1.00
2017.04.13 10:08:25.772,8.99262,8.99373,1.00,1.00
2017.04.13 10:08:26.309,8.99263,8.99373,1.00,1.00
2017.04.13 10:08:26.818,8.99265,8.99369,1.00,1.00
2017.04.13 10:08:27.666,8.99262,8.99369,1.00,1.00
2017.04.13 10:08:28.303,8.99264,8.99369,1.00,1.00
2017.04.13 10:08:28.853,8.99265,8.99369,1.00,1.00
2017.04.13 10:08:29.421,8.99267,8.99369,1.00,1.00
2017.04.13 10:08:29.599,8.99267,8.99375,1.00,1.00
2017.04.13 10:08:30.158,8.99266,8.99375,1.00,1.00
2017.04.13 10:08:30.813,8.99267,8.99375,1.00,1.00
2017.04.13 10:08:30.965,8.99267,8.99371,1.00,1.00
2017.04.13 10:08:31.087,8.99261,8.99371,1.00,1.00
2017.04.13 10:08:31.239,8.99261,8.99386,1.00,1.00
2017.04.13 10:08:31.290,8.99266,8.99386,1.00,1.00
2017.04.13 10:08:31.810,8.99267,8.99386,1.00,1.00
2017.04.13 10:08:32.141,8.99271,8.99386,1.00,1.00
2017.04.13 10:08:32.471,8.99274,8.99387,1.00,1.00
2017.04.13 10:08:32.775,8.99278,8.99387,1.00,1.00
2017.04.13 10:08:33.112,8.99281,8.99393,1.00,1.00
2017.04.13 10:08:33.365,8.99286,8.99393,1.00,1.00
2017.04.13 10:08:33.693,8.99283,8.99393,1.00,1.00
2017.04.13 10:08:34.219,8.99284,8.99393,1.00,1.00
2017.04.13 10:08:34.785,8.99285,8.99397,1.00,1.00
2017.04.13 10:08:34.937,8.99279,8.99401,1.00,1.00
2017.04.13 10:08:34.988,8.99281,8.99412,1.00,1.00
2017.04.13 10:08:35.140,8.99298,8.99412,1.00,1.00
2017.04.13 10:08:35.443,8.99298,8.99402,1.00,1.00
2017.04.13 10:08:36.114,8.993,8.99402,1.00,1.00
2017.04.13 10:08:36.994,8.99288,8.99402,1.00,1.00
2017.04.13 10:08:37.247,8.99288,8.99395,1.00,1.00
2017.04.13 10:08:38.168,8.99288,8.99403,1.00,1.00
2017.04.13 10:08:38.219,8.99281,8.99403,1.00,1.00
2017.04.13 10:08:38.270,8.99281,8.99408,1.00,1.00
2017.04.13 10:08:38.321,8.99302,8.99408,1.00,1.00
2017.04.13 10:08:38.727,8.99306,8.99408,1.00,1.00
2017.04.13 10:08:38.878,8.99304,8.99408,1.00,1.00
2017.04.13 10:08:39.232,8.99302,8.99402,1.00,1.00
2017.04.13 10:08:39.434,8.99302,8.99408,1.00,1.00
2017.04.13 10:08:39.788,8.99303,8.99401,1.00,1.00
2017.04.13 10:08:40.403,8.99304,8.99401,1.00,1.00
2017.04.13 10:08:40.923,8.99304,8.99397,1.00,1.00
2017.04.13 10:08:41.273,8.99304,8.99403,1.00,1.00
2017.04.13 10:08:41.425,8.99301,8.99403,1.00,1.00
2017.04.13 10:08:41.934,8.99301,8.99398,1.00,1.00
2017.04.13 10:08:42.998,8.99307,8.99398,1.00,1.00
2017.04.13 10:08:43.331,8.99311,8.99398,1.00,1.00
2017.04.13 10:08:43.562,8.99311,8.99403,1.00,1.00
2017.04.13 10:08:43.613,8.99315,8.99408,1.00,1.00
2017.04.13 10:08:43.664,8.99315,8.99419,1.00,1.00
2017.04.13 10:08:44.910,8.99315,8.99409,1.00,1.00
2017.04.13 10:08:45.062,8.99315,8.9943,1.00,1.00
2017.04.13 10:08:45.163,8.99321,8.9943,1.00,1.00
2017.04.13 10:08:45.265,8.99321,8.99436,1.00,1.00
2017.04.13 10:08:45.366,8.99346,8.99446,1.00,1.00
2017.04.13 10:08:45.417,8.99346,8.99455,1.00,1.00
2017.04.13 10:08:45.588,8.99353,8.99484,1.00,1.00
2017.04.13 10:08:45.695,8.9939,8.99484,1.00,1.00
2017.04.13 10:08:46.059,8.99399,8.99484,1.00,1.00
2017.04.13 10:08:46.312,8.99399,8.99496,1.00,1.00
2017.04.13 10:08:46.363,8.99377,8.99506,1.00,1.00
2017.04.13 10:08:46.414,8.99386,8.99517,1.00,1.00
2017.04.13 10:08:46.690,8.99413,8.99517,1.00,1.00
2017.04.13 10:08:47.085,8.99406,8.99493,1.00,1.00
2017.04.13 10:08:47.246,8.994,8.99493,1.00,1.00
2017.04.13 10:08:47.395,8.994,8.99498,1.00,1.00
2017.04.13 10:08:47.550,8.994,8.99486,1.00,1.00
2017.04.13 10:08:48.079,8.99401,8.99486,1.00,1.00
2017.04.13 10:08:48.360,8.99401,8.99493,1.00,1.00
2017.04.13 10:08:50.353,8.99401,8.99498,1.00,1.00
2017.04.13 10:08:50.567,8.99407,8.99498,1.00,1.00
2017.04.13 10:08:50.884,8.9941,8.99492,1.00,1.00
2017.04.13 10:08:50.986,8.99401,8.99492,1.00,1.00
2017.04.13 10:08:51.500,8.99401,8.99483,1.00,1.00
2017.04.13 10:08:51.551,8.99397,8.99483,1.00,1.00
2017.04.13 10:08:51.766,8.99397,8.9949,1.00,1.00
2017.04.13 10:08:51.844,8.99401,8.9949,1.00,1.00
2017.04.13 10:08:52.185,8.99397,8.9949,1.00,1.00
2017.04.13 10:08:52.704,8.99396,8.9949,1.00,1.00
2017.04.13 10:08:53.460,8.99396,8.99493,1.00,1.00
2017.04.13 10:08:53.511,8.994,8.99493,1.00,1.00
2017.04.13 10:08:54.165,8.99399,8.99493,1.00,1.00
2017.04.13 10:08:54.455,8.99399,8.99495,1.00,1.00
2017.04.13 10:08:55.012,8.994,8.99495,1.00,1.00
2017.04.13 10:08:55.674,8.99401,8.99494,1.00,1.00
2017.04.13 10:08:57.144,8.99396,8.99494,1.00,1.00
2017.04.13 10:08:57.347,8.9941,8.99494,1.00,1.00
2017.04.13 10:08:57.703,8.99408,8.99494,1.00,1.00
2017.04.13 10:08:58.552,8.99406,8.99494,1.00,1.00
2017.04.13 10:08:59.903,8.99406,8.99489,1.00,1.00
2017.04.13 10:09:00.004,8.99381,8.99489,1.00,1.00
2017.04.13 10:09:00.055,8.99381,8.99495,1.00,1.00
2017.04.13 10:09:00.359,8.99403,8.99483,1.00,1.00
2017.04.13 10:09:00.768,8.99396,8.99483,1.00,1.00
2017.04.13 10:09:00.869,8.99383,8.99483,1.00,1.00
2017.04.13 10:09:01.021,8.99364,8.99478,1.00,1.00
2017.04.13 10:09:01.223,8.99382,8.99478,1.00,1.00
2017.04.13 10:09:01.874,8.99381,8.99478,1.00,1.00
2017.04.13 10:09:02.184,8.99389,8.99476,1.00,1.00
2017.04.13 10:09:02.324,8.99389,8.99492,1.00,1.00
2017.04.13 10:09:02.539,8.9939,8.995,1.00,1.00
2017.04.13 10:09:02.741,8.99411,8.995,1.00,1.00
2017.04.13 10:09:02.843,8.99411,8.99516,1.00,1.00
2017.04.13 10:09:02.944,8.9939,8.99516,1.00,1.00
2017.04.13 10:09:03.172,8.99399,8.99516,1.00,1.00
2017.04.13 10:09:03.333,8.99399,8.99527,1.00,1.00
2017.04.13 10:09:03.384,8.99399,8.99513,1.00,1.00
2017.04.13 10:09:03.924,8.994,8.99513,1.00,1.00
2017.04.13 10:09:04.234,8.99404,8.99513,1.00,1.00
2017.04.13 10:09:04.634,8.99406,8.99513,1.00,1.00
2017.04.13 10:09:04.965,8.99409,8.99513,1.00,1.00
2017.04.13 10:09:05.362,8.99409,8.99529,1.00,1.00
2017.04.13 10:09:05.413,8.99414,8.99524,1.00,1.00
2017.04.13 10:09:05.615,8.99412,8.99524,1.00,1.00
2017.04.13 10:09:05.922,8.99403,8.99524,1.00,1.00
2017.04.13 10:09:06.521,8.99404,8.99524,1.00,1.00
2017.04.13 10:09:07.242,8.99405,8.99524,1.00,1.00
2017.04.13 10:09:07.903,8.99406,8.99524,1.00,1.00
2017.04.13 10:09:08.298,8.99407,8.99509,1.00,1.00
2017.04.13 10:09:08.926,8.99408,8.99509,1.00,1.00
2017.04.13 10:09:09.259,8.99401,8.9949,1.00,1.00
2017.04.13 10:09:09.573,8.99398,8.9949,1.00,1.00
2017.04.13 10:09:09.783,8.99391,8.9949,1.00,1.00
2017.04.13 10:09:09.985,8.99391,8.99485,1.00,1.00
2017.04.13 10:09:10.990,8.99391,8.99486,1.00,1.00
2017.04.13 10:09:11.401,8.99391,8.99506,1.00,1.00
2017.04.13 10:09:11.452,8.99401,8.99506,1.00,1.00
2017.04.13 10:09:11.766,8.99403,8.99506,1.00,1.00
2017.04.13 10:09:12.251,8.99404,8.99513,1.00,1.00
2017.04.13 10:09:12.353,8.99401,8.99513,1.00,1.00
2017.04.13 10:09:12.633,8.99405,8.99513,1.00,1.00
2017.04.13 10:09:13.149,8.99402,8.99513,1.00,1.00
2017.04.13 10:09:13.548,8.99403,8.99527,1.00,1.00
2017.04.13 10:09:14.052,8.99404,8.99527,1.00,1.00
2017.04.13 10:09:16.153,8.99395,8.99527,1.00,1.00
2017.04.13 10:09:17.376,8.99393,8.99513,1.00,1.00
2017.04.13 10:09:17.803,8.99389,8.99513,1.00,1.00
2017.04.13 10:09:18.266,8.99389,8.99522,1.00,1.00
2017.04.13 10:09:18.317,8.99389,8.9953,1.00,1.00
2017.04.13 10:09:18.368,8.99395,8.99526,1.00,1.00
2017.04.13 10:09:18.671,8.99418,8.99502,1.00,1.00
2017.04.13 10:09:18.722,8.99395,8.99502,1.00,1.00
2017.04.13 10:09:18.905,8.99396,8.99527,1.00,1.00
2017.04.13 10:09:18.961,8.99399,8.99527,1.00,1.00
2017.04.13 10:09:19.284,8.99396,8.99527,1.00,1.00
2017.04.13 10:09:20.825,8.99393,8.99524,1.00,1.00
2017.04.13 10:09:23.954,8.99393,8.99522,1.00,1.00
2017.04.13 10:09:24.314,8.99399,8.99522,1.00,1.00
2017.04.13 10:09:24.415,8.99391,8.99522,1.00,1.00
2017.04.13 10:09:24.466,8.99377,8.99504,1.00,1.00
2017.04.13 10:09:24.788,8.99393,8.99504,1.00,1.00
2017.04.13 10:09:24.990,8.99382,8.99504,1.00,1.00
2017.04.13 10:09:25.091,8.99382,8.99494,1.00,1.00
2017.04.13 10:09:25.293,8.99379,8.99506,1.00,1.00
2017.04.13 10:09:25.344,8.99379,8.99494,1.00,1.00
2017.04.13 10:09:25.560,8.99378,8.99501,1.00,1.00
2017.04.13 10:09:26.330,8.99369,8.99501,1.00,1.00
2017.04.13 10:09:27.267,8.99394,8.99525,1.00,1.00
2017.04.13 10:09:28.500,8.99385,8.99513,1.00,1.00
2017.04.13 10:09:28.601,8.99397,8.99529,1.00,1.00
2017.04.13 10:09:29.133,8.99401,8.99529,1.00,1.00
2017.04.13 10:09:29.641,8.99402,8.99528,1.00,1.00
2017.04.13 10:09:29.791,8.99404,8.99538,1.00,1.00
2017.04.13 10:09:29.843,8.99429,8.99564,1.00,1.00
2017.04.13 10:09:29.894,8.99438,8.9957,1.00,1.00
2017.04.13 10:09:30.255,8.99414,8.99545,1.00,1.00
2017.04.13 10:09:30.563,8.99398,8.99529,1.50,1.00
2017.04.13 10:09:31.002,8.99404,8.99529,1.00,1.00
2017.04.13 10:09:31.324,8.99407,8.99527,1.00,1.00
2017.04.13 10:09:31.883,8.99411,8.99527,1.00,1.00
2017.04.13 10:09:34.228,8.99395,8.99514,1.00,1.00
2017.04.13 10:09:34.279,8.99395,8.99507,1.00,1.00
2017.04.13 10:09:34.329,8.99376,8.99507,1.50,1.00
2017.04.13 10:09:34.431,8.99395,8.99507,1.00,1.00
2017.04.13 10:09:34.770,8.99399,8.995,1.00,1.00
2017.04.13 10:09:34.821,8.99399,8.99509,1.00,1.00
2017.04.13 10:09:35.074,8.99396,8.99509,1.00,1.00
2017.04.13 10:09:35.585,8.99397,8.99509,1.00,1.00
2017.04.13 10:09:35.807,8.99398,8.99512,1.00,1.00
2017.04.13 10:09:36.115,8.99398,8.99506,1.00,1.00
2017.04.13 10:09:36.216,8.99396,8.99506,1.00,1.00
2017.04.13 10:09:36.394,8.99386,8.99506,1.00,1.00
2017.04.13 10:09:37.052,8.99388,8.99506,1.00,1.00
2017.04.13 10:09:37.103,8.99388,8.99509,1.00,1.00
2017.04.13 10:09:37.474,8.99389,8.99518,1.00,1.00
2017.04.13 10:09:37.752,8.99385,8.99511,1.00,1.00
2017.04.13 10:09:38.056,8.99397,8.99521,1.00,1.00
2017.04.13 10:09:38.361,8.99421,8.9953,1.00,1.00
2017.04.13 10:09:38.412,8.99427,8.99543,1.00,1.00
2017.04.13 10:09:38.513,8.99427,8.99555,1.00,1.00
2017.04.13 10:09:38.715,8.99442,8.99554,1.00,1.00
2017.04.13 10:09:39.069,8.99438,8.99554,1.00,1.00
2017.04.13 10:09:39.545,8.99439,8.99556,1.00,1.00
2017.04.13 10:09:39.596,8.99431,8.99554,1.00,1.00
2017.04.13 10:09:39.912,8.99436,8.99554,1.00,1.00
2017.04.13 10:09:40.511,8.99429,8.99554,1.00,1.00
2017.04.13 10:09:40.613,8.99429,8.99538,1.00,1.00
2017.04.13 10:09:40.714,8.99409,8.99538,1.00,1.00
2017.04.13 10:09:41.030,8.99418,8.99538,1.00,1.00
2017.04.13 10:09:41.345,8.99431,8.99538,1.00,1.00
2017.04.13 10:09:41.563,8.99419,8.99536,1.00,1.00
2017.04.13 10:09:42.332,8.99421,8.99536,1.00,1.00
2017.04.13 10:09:43.039,8.9942,8.99536,1.00,1.00
2017.04.13 10:09:43.297,8.9942,8.99549,1.00,1.00
2017.04.13 10:09:43.348,8.99424,8.99556,1.00,1.00
2017.04.13 10:09:43.500,8.9942,8.99546,1.00,1.00
2017.04.13 10:09:43.844,8.99435,8.99554,1.00,1.00
2017.04.13 10:09:44.359,8.99436,8.99554,1.00,1.00
2017.04.13 10:09:45.106,8.99437,8.99554,1.00,1.00
2017.04.13 10:09:45.743,8.99436,8.99554,1.00,1.00
2017.04.13 10:09:46.124,8.99435,8.99556,1.00,1.00
2017.04.13 10:09:46.293,8.99437,8.99556,1.00,1.00
2017.04.13 10:09:47.945,8.99436,8.99556,1.00,1.00
2017.04.13 10:09:48.503,8.9944,8.99556,1.00,1.00
2017.04.13 10:09:49.030,8.99441,8.99556,1.00,1.00
2017.04.13 10:09:49.369,8.99457,8.99565,1.00,1.00
2017.04.13 10:09:49.420,8.99457,8.99581,1.00,1.00
2017.04.13 10:09:49.470,8.99457,8.99579,1.00,1.00
2017.04.13 10:09:49.521,8.99457,8.99584,1.00,1.00
2017.04.13 10:09:49.622,8.99466,8.99584,1.00,1.00
2017.04.13 10:09:49.879,8.99469,8.99601,1.00,1.00
2017.04.13 10:09:50.183,8.99479,8.99601,1.00,1.00
2017.04.13 10:09:50.486,8.99486,8.99601,1.00,1.00
2017.04.13 10:09:50.844,8.99493,8.99614,1.00,1.00
2017.04.13 10:09:51.179,8.99497,8.99614,1.00,1.00
2017.04.13 10:09:51.512,8.995,8.99614,1.00,1.00
2017.04.13 10:09:51.855,8.99503,8.99615,1.00,1.00
2017.04.13 10:09:52.012,8.99489,8.99615,1.00,1.00
2017.04.13 10:09:52.342,8.99492,8.99615,1.00,1.00
2017.04.13 10:09:52.780,8.99501,8.99615,1.00,1.00
2017.04.13 10:09:55.486,8.99501,8.99601,1.00,1.00
2017.04.13 10:09:55.638,8.99501,8.99622,1.00,1.00
2017.04.13 10:09:55.906,8.99504,8.99622,1.00,1.00
2017.04.13 10:09:56.104,8.99504,8.99631,1.00,1.00
2017.04.13 10:09:56.155,8.99533,8.99664,1.00,1.00
2017.04.13 10:09:56.206,8.99504,8.9966,1.00,1.00
2017.04.13 10:09:56.257,8.99526,8.99657,1.00,1.00
2017.04.13 10:09:56.560,8.99541,8.99663,1.00,1.00
2017.04.13 10:09:57.314,8.99541,8.99668,1.00,1.00
2017.04.13 10:09:57.415,8.99537,8.99668,1.00,1.00
2017.04.13 10:09:57.913,8.99534,8.99653,1.00,1.00
2017.04.13 10:09:58.217,8.99541,8.99653,1.00,1.00
2017.04.13 10:09:58.319,8.99541,8.99656,1.00,1.00
2017.04.13 10:09:58.370,8.99541,8.99645,1.00,1.00
2017.04.13 10:09:58.421,8.99504,8.9962,1.00,1.00
2017.04.13 10:09:58.472,8.99504,8.99631,1.00,1.00
2017.04.13 10:09:58.574,8.99504,8.99616,1.00,1.00
2017.04.13 10:09:59.558,8.99504,8.99615,1.00,1.00
2017.04.13 10:10:00.983,8.99513,8.99615,1.00,1.00
2017.04.13 10:10:01.084,8.99513,8.99635,1.00,1.00
2017.04.13 10:10:01.136,8.99513,8.99639,1.00,1.00
2017.04.13 10:10:01.187,8.99529,8.99639,1.00,1.00
2017.04.13 10:10:01.288,8.99513,8.99628,1.00,1.00
2017.04.13 10:10:02.087,8.99513,8.99616,1.00,1.00
2017.04.13 10:10:03.113,8.99513,8.99628,1.00,1.00
2017.04.13 10:10:03.164,8.99532,8.99628,1.00,1.00
2017.04.13 10:10:03.215,8.99532,8.99657,1.00,1.00
2017.04.13 10:10:03.266,8.99556,8.99646,1.00,1.00
2017.04.13 10:10:03.585,8.99513,8.99623,1.00,1.00
2017.04.13 10:10:04.291,8.99513,8.99624,1.00,1.00
2017.04.13 10:10:04.436,8.99513,8.99618,1.00,1.00
2017.04.13 10:10:07.643,8.99513,8.99624,1.00,1.00
2017.04.13 10:10:07.694,8.99513,8.99614,1.00,1.00
2017.04.13 10:10:10.647,8.99513,8.99616,1.00,1.00
2017.04.13 10:10:11.647,8.99513,8.99621,1.00,1.00
2017.04.13 10:10:16.198,8.99513,8.9962,1.00,1.00
2017.04.13 10:10:18.527,8.9951,8.9962,1.00,1.00
2017.04.13 10:10:18.579,8.9951,8.99622,1.00,1.00
2017.04.13 10:10:18.853,8.99513,8.99622,1.00,1.00
2017.04.13 10:10:25.676,8.99513,8.99623,1.00,1.00
2017.04.13 10:10:26.680,8.99513,8.99624,1.00,1.00
2017.04.13 10:10:27.763,8.99513,8.99619,1.00,1.00
2017.04.13 10:10:28.614,8.99513,8.99613,1.00,1.00
2017.04.13 10:10:28.765,8.99512,8.99635,1.00,1.00
2017.04.13 10:10:28.867,8.99512,8.99633,1.00,1.00
2017.04.13 10:10:29.415,8.99511,8.99633,1.00,1.00
2017.04.13 10:10:29.623,8.99518,8.99648,1.00,1.00
2017.04.13 10:10:29.674,8.99524,8.99648,1.00,1.00
2017.04.13 10:10:30.002,8.99531,8.99648,1.00,1.00
2017.04.13 10:10:31.189,8.99531,8.99645,1.00,1.00
2017.04.13 10:10:31.722,8.99532,8.99645,1.00,1.00
2017.04.13 10:10:33.752,8.9952,8.99645,1.00,1.00
2017.04.13 10:10:34.246,8.9952,8.99639,1.00,1.00
2017.04.13 10:10:34.802,8.99521,8.99639,1.00,1.00
2017.04.13 10:10:35.462,8.99522,8.99639,1.00,1.00
2017.04.13 10:10:36.003,8.99521,8.99636,1.00,1.00
2017.04.13 10:10:38.157,8.99521,8.99634,1.00,1.00
2017.04.13 10:10:38.259,8.99517,8.9964,1.00,1.00
2017.04.13 10:10:38.543,8.9952,8.9964,1.00,1.00
2017.04.13 10:10:39.209,8.9952,8.99642,1.00,1.00
2017.04.13 10:10:39.539,8.9952,8.99647,1.00,1.00
2017.04.13 10:10:39.643,8.99532,8.99647,1.00,1.00
2017.04.13 10:10:40.219,8.99533,8.99647,1.00,1.00
2017.04.13 10:10:41.842,8.99532,8.99647,1.00,1.00
2017.04.13 10:10:42.722,8.99533,8.99647,1.00,1.00
2017.04.13 10:10:43.602,8.99535,8.99647,1.00,1.00
2017.04.13 10:10:45.802,8.99533,8.99647,1.00,1.00
2017.04.13 10:10:46.026,8.9953,8.99647,1.00,1.00
2017.04.13 10:10:46.353,8.99532,8.99647,1.00,1.00
2017.04.13 10:10:47.623,8.99533,8.99647,1.00,1.00
2017.04.13 10:10:47.955,8.9953,8.99638,1.00,1.00
2017.04.13 10:10:48.285,8.99533,8.99638,1.00,1.00
2017.04.13 10:10:48.811,8.99533,8.9964,1.00,1.00
2017.04.13 10:10:50.863,8.99532,8.9964,1.00,1.00
2017.04.13 10:10:51.035,8.99532,8.99642,1.00,1.00
2017.04.13 10:10:52.576,8.99537,8.99669,1.00,1.00
2017.04.13 10:10:52.754,8.99532,8.99643,1.00,1.00
2017.04.13 10:10:52.957,8.99521,8.99643,1.00,1.00
2017.04.13 10:10:53.008,8.99517,8.99643,1.00,1.00
2017.04.13 10:10:53.063,8.99519,8.99643,1.00,1.00
2017.04.13 10:10:53.568,8.9952,8.99643,1.00,1.00
2017.04.13 10:10:53.899,8.99524,8.99644,1.00,1.00
2017.04.13 10:10:54.059,8.99519,8.99644,1.00,1.00
2017.04.13 10:10:55.372,8.9952,8.99644,1.00,1.00
2017.04.13 10:10:55.973,8.99521,8.99644,1.00,1.00
2017.04.13 10:10:56.516,8.9952,8.99648,1.00,1.00
2017.04.13 10:10:56.912,8.99523,8.99648,1.00,1.00
2017.04.13 10:10:57.573,8.99521,8.99648,1.00,1.00
2017.04.13 10:10:57.902,8.99523,8.99648,1.00,1.00
2017.04.13 10:10:58.232,8.99525,8.99648,1.00,1.00
2017.04.13 10:10:58.947,8.99524,8.99648,1.00,1.00
2017.04.13 10:10:59.442,8.99527,8.99648,1.00,1.00
2017.04.13 10:10:59.634,8.99541,8.99676,1.00,1.00
2017.04.13 10:10:59.767,8.99541,8.99688,1.00,1.00
2017.04.13 10:10:59.822,8.99536,8.99668,1.00,1.00
2017.04.13 10:11:00.126,8.99527,8.99654,1.00,1.00
2017.04.13 10:11:00.696,8.99528,8.99654,1.00,1.00
2017.04.13 10:11:01.202,8.99538,8.9965,1.00,1.00
2017.04.13 10:11:01.752,8.99539,8.9965,1.00,1.00
2017.04.13 10:11:02.082,8.99536,8.99648,1.00,1.00
2017.04.13 10:11:03.401,8.99534,8.99648,1.00,1.00
2017.04.13 10:11:04.565,8.99537,8.99648,1.00,1.00
2017.04.13 10:11:04.949,8.9954,8.99648,1.00,1.00
2017.04.13 10:11:05.610,8.99541,8.99648,1.00,1.00
2017.04.13 10:11:05.932,8.99543,8.99648,1.00,1.00
2017.04.13 10:11:06.035,8.99543,8.9965,1.00,1.00
2017.04.13 10:11:06.601,8.99544,8.9965,1.00,1.00
2017.04.13 10:11:10.767,8.99544,8.99648,1.00,1.00
2017.04.13 10:11:11.545,8.99544,8.99654,1.00,1.00
2017.04.13 10:11:12.531,8.9954,8.99654,1.00,1.00
2017.04.13 10:11:12.852,8.99555,8.99689,1.00,1.00
2017.04.13 10:11:13.052,8.99527,8.99656,1.00,1.00
2017.04.13 10:11:13.357,8.99525,8.99638,1.00,1.00
2017.04.13 10:11:13.667,8.99522,8.99638,1.00,1.00
2017.04.13 10:11:13.968,8.9952,8.99631,1.00,1.00
2017.04.13 10:11:14.282,8.99522,8.99631,1.00,1.00
2017.04.13 10:11:14.539,8.99509,8.99631,1.00,1.00
2017.04.13 10:11:15.391,8.9951,8.99631,1.00,1.00
2017.04.13 10:11:15.771,8.995,8.99631,1.00,1.00
2017.04.13 10:11:16.391,8.99508,8.99638,1.00,1.00
2017.04.13 10:11:16.713,8.99509,8.99628,1.00,1.00
2017.04.13 10:11:16.942,8.99507,8.99628,1.00,1.00
2017.04.13 10:11:17.462,8.99511,8.99641,1.00,1.00
2017.04.13 10:11:18.478,8.99516,8.99647,1.00,1.00
2017.04.13 10:11:18.630,8.99511,8.9964,1.00,1.00
2017.04.13 10:11:19.033,8.99514,8.9964,1.00,1.00
2017.04.13 10:11:19.376,8.99516,8.9964,1.00,1.00
2017.04.13 10:11:20.078,8.99517,8.9964,1.00,1.00
2017.04.13 10:11:21.360,8.99511,8.9964,1.00,1.00
2017.04.13 10:11:21.411,8.99515,8.99646,1.00,1.00
2017.04.13 10:11:21.703,8.99517,8.99646,1.00,1.00
2017.04.13 10:11:22.002,8.99515,8.99646,1.00,1.00
2017.04.13 10:11:22.332,8.99518,8.99646,1.00,1.00
2017.04.13 10:11:23.534,8.99526,8.99655,1.00,1.00
2017.04.13 10:11:24.516,8.99526,8.99657,1.00,1.00
2017.04.13 10:11:24.971,8.9953,8.99657,1.00,1.00
2017.04.13 10:11:25.631,8.99532,8.99657,1.00,1.00
2017.04.13 10:11:26.181,8.99539,8.99657,1.00,1.00
2017.04.13 10:11:26.528,8.99541,8.99657,1.00,1.00
2017.04.13 10:11:26.948,8.99543,8.99657,1.00,1.00
2017.04.13 10:11:27.418,8.99545,8.99657,1.00,1.00
2017.04.13 10:11:27.551,8.99545,8.99677,1.00,1.00
2017.04.13 10:11:28.091,8.99549,8.99664,1.00,1.00
2017.04.13 10:11:28.271,8.99541,8.99664,1.00,1.00
2017.04.13 10:11:28.870,8.99542,8.99664,1.00,1.00
2017.04.13 10:11:29.262,8.99545,8.99664,1.00,1.00
2017.04.13 10:11:29.738,8.9955,8.99664,1.00,1.00
2017.04.13 10:11:30.066,8.99553,8.99664,1.00,1.00
2017.04.13 10:11:30.412,8.99558,8.99664,1.00,1.00
2017.04.13 10:11:31.309,8.99558,8.99667,1.00,1.00
2017.04.13 10:11:32.053,8.99559,8.99667,1.00,1.00
2017.04.13 10:11:33.576,8.99559,8.9969,1.00,1.00
2017.04.13 10:11:33.628,8.99559,8.99678,1.00,1.00
2017.04.13 10:11:33.955,8.99571,8.99664,1.00,1.00
2017.04.13 10:11:34.223,8.99561,8.99664,1.00,1.00
2017.04.13 10:11:34.569,8.99564,8.99664,1.00,1.00
2017.04.13 10:11:34.813,8.99564,8.99692,1.00,1.00
2017.04.13 10:11:34.864,8.99567,8.99698,1.00,1.00
2017.04.13 10:11:35.382,8.99552,8.99683,1.00,1.00
2017.04.13 10:11:35.786,8.99544,8.99658,1.00,1.00
2017.04.13 10:11:35.888,8.99529,8.99658,1.00,1.00
2017.04.13 10:11:36.201,8.9953,8.99678,1.00,1.00
2017.04.13 10:11:36.454,8.99539,8.99678,1.00,1.00
2017.04.13 10:11:36.752,8.99537,8.99678,1.00,1.00
2017.04.13 10:11:37.072,8.99543,8.99678,1.00,1.00
2017.04.13 10:11:37.441,8.99545,8.99679,1.00,1.00
2017.04.13 10:11:37.767,8.99547,8.99679,1.00,1.00
2017.04.13 10:11:38.281,8.99549,8.99679,1.00,1.00
2017.04.13 10:11:38.831,8.9955,8.99679,1.00,1.00
2017.04.13 10:11:39.192,8.99545,8.99679,1.00,1.00
2017.04.13 10:11:39.822,8.99544,8.99679,1.00,1.00
2017.04.13 10:11:40.826,8.99544,8.99675,1.00,1.00
2017.04.13 10:11:41.363,8.99542,8.99675,1.00,1.00
2017.04.13 10:11:41.653,8.99542,8.99679,1.00,1.00
2017.04.13 10:11:41.703,8.99542,8.99674,1.00,1.00
2017.04.13 10:11:41.956,8.99521,8.99654,1.00,1.00
2017.04.13 10:11:42.159,8.99509,8.99654,1.00,1.00
2017.04.13 10:11:42.462,8.99502,8.99654,1.00,1.00
2017.04.13 10:11:42.834,8.99506,8.99654,1.00,1.00
2017.04.13 10:11:43.036,8.99502,8.99654,1.00,1.00
2017.04.13 10:11:46.337,8.99498,8.99654,1.00,1.00
2017.04.13 10:11:50.677,8.99498,8.99652,1.00,1.59
2017.04.13 10:11:51.125,8.995,8.99652,1.00,1.59
2017.04.13 10:11:54.720,8.99503,8.99652,1.00,1.59
2017.04.13 10:11:54.771,8.99503,8.99656,1.00,1.00
2017.04.13 10:11:54.822,8.99503,8.99653,1.50,1.25
2017.04.13 10:11:55.136,8.99505,8.99653,1.00,1.30
2017.04.13 10:11:55.655,8.99512,8.99653,1.00,1.30
2017.04.13 10:11:55.858,8.99516,8.99647,1.00,1.00
2017.04.13 10:11:55.909,8.99514,8.9964,1.00,1.00
2017.04.13 10:11:56.010,8.99511,8.9964,1.00,1.00
2017.04.13 10:11:56.661,8.99506,8.99634,1.00,1.00
2017.04.13 10:11:57.097,8.99511,8.99641,1.00,1.00
2017.04.13 10:11:57.301,8.99513,8.99647,1.00,1.00
2017.04.13 10:11:57.452,8.99529,8.99647,1.00,1.00
2017.04.13 10:11:57.753,8.99533,8.99647,1.00,1.00
2017.04.13 10:11:58.266,8.99534,8.99647,1.00,1.00
2017.04.13 10:11:58.675,8.99536,8.99647,1.00,1.00
2017.04.13 10:11:59.234,8.99537,8.99647,1.00,1.00
2017.04.13 10:12:00.432,8.99538,8.99647,1.00,1.00
2017.04.13 10:12:00.738,8.99544,8.99647,1.00,1.00
2017.04.13 10:12:01.082,8.99521,8.99671,1.00,1.00
2017.04.13 10:12:01.406,8.99529,8.99671,1.00,1.00
2017.04.13 10:12:01.613,8.99535,8.9968,1.00,1.00
2017.04.13 10:12:01.873,8.99557,8.99688,1.00,1.00
2017.04.13 10:12:02.736,8.99544,8.99673,1.00,1.00
2017.04.13 10:12:02.787,8.99569,8.99701,1.00,1.00
2017.04.13 10:12:03.341,8.99566,8.9969,1.00,1.00
2017.04.13 10:12:03.618,8.99567,8.99692,1.00,1.00
2017.04.13 10:12:04.152,8.99565,8.99692,1.00,1.00
2017.04.13 10:12:04.517,8.99565,8.99696,1.50,1.00
2017.04.13 10:12:05.341,8.99567,8.99696,1.00,1.00
2017.04.13 10:12:05.793,8.9957,8.99701,1.00,1.00
2017.04.13 10:12:05.845,8.99567,8.99696,1.00,1.00
2017.04.13 10:12:06.371,8.99564,8.99686,1.00,1.00
2017.04.13 10:12:06.422,8.99567,8.99696,1.00,1.00
2017.04.13 10:12:12.431,8.9956,8.99682,1.00,1.00
2017.04.13 10:12:12.582,8.9956,8.99691,1.50,1.00
2017.04.13 10:12:12.985,8.99553,8.99681,1.00,1.00
2017.04.13 10:12:13.298,8.99553,8.99684,1.00,1.00
2017.04.13 10:12:14.866,8.99548,8.99683,1.00,1.00
2017.04.13 10:12:16.397,8.99548,8.99673,1.00,1.00
2017.04.13 10:12:22.265,8.99542,8.99673,1.00,1.00
2017.04.13 10:12:23.601,8.9954,8.99712,1.00,1.00
2017.04.13 10:12:23.652,8.99588,8.99719,1.00,1.00
2017.04.13 10:12:23.704,8.99562,8.9971,1.00,1.00
2017.04.13 10:12:24.540,8.99575,8.99723,1.00,1.00
2017.04.13 10:12:25.917,8.99579,8.99727,1.00,1.00
2017.04.13 10:12:26.615,8.99601,8.99732,1.00,1.00
2017.04.13 10:12:26.918,8.99584,8.99715,1.00,1.00
2017.04.13 10:12:27.613,8.99578,8.9971,1.00,1.00
2017.04.13 10:12:28.858,8.99574,8.99705,1.00,1.00
2017.04.13 10:12:29.921,8.99592,8.99724,1.00,1.00
2017.04.13 10:12:29.972,8.99586,8.99717,1.00,1.00
2017.04.13 10:12:32.943,8.99576,8.99705,1.00,1.00
2017.04.13 10:12:33.196,8.99581,8.99712,1.00,1.00
2017.04.13 10:12:35.365,8.99586,8.99715,1.00,1.00
2017.04.13 10:12:35.420,8.99583,8.99714,1.00,1.00
2017.04.13 10:12:36.405,8.99586,8.99717,1.00,1.00
2017.04.13 10:12:36.933,8.99579,8.99711,1.00,1.00
2017.04.13 10:12:37.381,8.99589,8.9972,1.00,1.00
2017.04.13 10:12:40.319,8.99577,8.99708,1.00,1.00
2017.04.13 10:12:40.988,8.9957,8.99702,1.00,1.00
2017.04.13 10:12:41.039,8.99562,8.99693,1.00,1.00
2017.04.13 10:12:41.362,8.99554,8.99685,1.00,1.00
2017.04.13 10:12:42.074,8.99556,8.99687,1.00,1.00
2017.04.13 10:12:46.457,8.99553,8.99684,1.00,1.00
2017.04.13 10:12:47.253,8.99555,8.99686,1.00,1.00
2017.04.13 10:12:50.309,8.99559,8.9969,1.00,1.00
2017.04.13 10:12:51.016,8.99548,8.99679,1.00,1.00
2017.04.13 10:12:51.320,8.99553,8.99684,1.00,1.00
2017.04.13 10:12:51.785,8.9956,8.99689,1.00,1.00
2017.04.13 10:12:52.178,8.99554,8.99685,1.00,1.00
2017.04.13 10:12:56.616,8.99541,8.99687,1.00,1.00
2017.04.13 10:12:56.852,8.99529,8.9966,1.00,1.00
2017.04.13 10:12:57.658,8.99533,8.99664,1.00,1.00
2017.04.13 10:13:03.553,8.99525,8.99652,1.00,1.00
2017.04.13 10:13:03.654,8.99521,8.99652,1.00,1.00
2017.04.13 10:13:04.511,8.99513,8.99642,1.00,1.00
2017.04.13 10:13:06.299,8.99511,8.99642,1.00,1.00
2017.04.13 10:13:11.045,8.99514,8.99643,1.00,1.00
2017.04.13 10:13:12.035,8.99512,8.99643,1.00,1.00
2017.04.13 10:13:17.394,8.99525,8.99656,1.00,1.00
2017.04.13 10:13:17.445,8.9953,8.99662,1.00,1.00
2017.04.13 10:13:17.597,8.9952,8.99652,1.00,1.00
2017.04.13 10:13:18.028,8.99489,8.99641,1.00,1.00
2017.04.13 10:13:18.080,8.99486,8.99615,1.00,1.00
2017.04.13 10:13:18.182,8.99484,8.99615,1.00,1.00
2017.04.13 10:13:18.996,8.99479,8.9961,1.00,1.00
2017.04.13 10:13:19.326,8.99486,8.99617,1.00,1.00
2017.04.13 10:13:20.002,8.9948,8.99612,1.00,1.00
2017.04.13 10:13:23.183,8.99465,8.99591,1.00,1.00
2017.04.13 10:13:23.234,8.99463,8.99591,1.00,1.00
2017.04.13 10:13:23.285,8.99459,8.99591,1.00,1.00
2017.04.13 10:13:25.943,8.99455,8.99586,1.00,1.00
2017.04.13 10:13:26.917,8.99459,8.9959,1.00,1.00
2017.04.13 10:13:27.241,8.99481,8.99612,1.00,1.00
2017.04.13 10:13:27.443,8.99464,8.99599,1.00,1.00
2017.04.13 10:13:31.569,8.99463,8.99598,1.00,1.00
2017.04.13 10:13:35.317,8.99479,8.99611,1.00,1.00
2017.04.13 10:13:35.621,8.99484,8.99615,1.00,1.00
2017.04.13 10:13:36.345,8.99485,8.99616,1.00,1.00
2017.04.13 10:13:41.067,8.99484,8.99615,1.00,1.00
2017.04.13 10:13:41.883,8.99467,8.99598,1.00,1.00
2017.04.13 10:13:42.187,8.99478,8.99609,1.00,1.00
2017.04.13 10:13:42.869,8.99466,8.99598,1.00,1.00
2017.04.13 10:13:43.652,8.99483,8.99615,1.00,1.00
2017.04.13 10:13:44.678,8.99487,8.99616,1.00,1.00
2017.04.13 10:13:45.645,8.99488,8.99619,1.00,1.00
2017.04.13 10:13:46.822,8.99474,8.99605,1.00,1.00
2017.04.13 10:13:47.131,8.99482,8.99613,1.00,1.00
2017.04.13 10:13:48.604,8.99486,8.99621,1.00,1.00
2017.04.13 10:13:48.656,8.99507,8.99636,1.00,1.00
2017.04.13 10:13:48.707,8.99487,8.99647,1.00,1.00
2017.04.13 10:13:48.808,8.99493,8.99624,1.00,1.00
2017.04.13 10:13:49.195,8.99482,8.99613,1.00,1.00
2017.04.13 10:13:49.532,8.9947,8.99599,1.00,1.00
2017.04.13 10:13:49.684,8.99478,8.99609,1.00,1.00
2017.04.13 10:13:49.785,8.99471,8.99602,1.00,1.00
2017.04.13 10:13:50.662,8.99466,8.99597,1.00,1.00
2017.04.13 10:13:51.663,8.99463,8.99594,1.00,1.00
2017.04.13 10:13:52.665,8.99461,8.99592,1.00,1.00
2017.04.13 10:13:53.620,8.99477,8.99608,1.00,1.00
2017.04.13 10:13:53.929,8.99482,8.99613,1.00,1.00
2017.04.13 10:13:56.100,8.99484,8.99615,1.00,1.00
2017.04.13 10:13:57.116,8.99483,8.99615,1.00,1.00
2017.04.13 10:14:00.914,8.99483,8.99614,1.00,1.00
2017.04.13 10:14:01.829,8.99479,8.9961,1.00,1.00
2017.04.13 10:14:06.424,8.99477,8.99609,1.00,1.00
2017.04.13 10:14:06.743,8.99473,8.99602,1.00,1.00
2017.04.13 10:14:06.794,8.99463,8.99594,1.00,1.00
2017.04.13 10:14:07.417,8.99456,8.99586,1.00,1.00
2017.04.13 10:14:08.342,8.99465,8.99596,1.00,1.00
2017.04.13 10:14:11.757,8.99477,8.99608,1.00,1.00
2017.04.13 10:14:12.068,8.99483,8.99614,1.00,1.00
2017.04.13 10:14:12.790,8.99487,8.99618,1.00,1.00
2017.04.13 10:14:16.672,8.99483,8.99615,1.00,1.00
2017.04.13 10:14:21.426,8.99482,8.99613,1.00,1.00
2017.04.13 10:14:26.938,8.99482,8.99611,1.00,1.00
2017.04.13 10:14:41.965,8.99482,8.99613,1.00,1.00
2017.04.13 10:14:46.697,8.99475,8.99606,1.00,1.00
2017.04.13 10:14:56.218,8.99474,8.99605,1.00,1.00
2017.04.13 10:14:57.225,8.99472,8.99603,1.00,1.00
2017.04.13 10:15:00.678,8.99498,8.99629,1.00,1.00
2017.04.13 10:15:00.982,8.99461,8.99592,1.00,1.00
2017.04.13 10:15:01.289,8.99488,8.99619,1.00,1.00
2017.04.13 10:15:01.592,8.99492,8.99623,1.00,1.00
2017.04.13 10:15:01.896,8.99533,8.99664,1.00,1.00
2017.04.13 10:15:03.110,8.99523,8.99654,1.00,1.00
2017.04.13 10:15:03.425,8.99519,8.9965,1.00,1.00
2017.04.13 10:15:03.726,8.9951,8.99641,1.00,1.00
2017.04.13 10:15:04.044,8.99523,8.99654,1.00,1.00
2017.04.13 10:15:04.499,8.99518,8.99649,1.00,1.00
2017.04.13 10:15:06.513,8.99514,8.99645,1.00,1.00
2017.04.13 10:15:07.373,8.99527,8.99659,1.00,1.00
2017.04.13 10:15:11.244,8.99529,8.9966,1.00,1.00
2017.04.13 10:15:12.023,8.99515,8.99662,1.00,1.00
2017.04.13 10:15:16.780,8.99517,8.99661,1.00,1.00
2017.04.13 10:15:17.379,8.99513,8.99644,1.00,1.00
2017.04.13 10:15:18.371,8.99515,8.99667,1.00,1.00
2017.04.13 10:15:18.863,8.9954,8.99671,1.00,1.00
2017.04.13 10:15:20.829,8.99515,8.99674,1.00,1.00
2017.04.13 10:15:21.082,8.9953,8.99674,1.00,1.00
2017.04.13 10:15:21.407,8.99528,8.99674,1.00,1.00
2017.04.13 10:15:21.508,8.99541,8.99672,1.00,1.00
2017.04.13 10:15:21.560,8.99528,8.99667,1.00,1.00
2017.04.13 10:15:21.611,8.99533,8.99664,1.00,1.00
2017.04.13 10:15:21.933,8.99508,8.99639,1.00,1.00
2017.04.13 10:15:22.804,8.99481,8.99639,1.00,1.00
2017.04.13 10:15:23.387,8.99482,8.99639,1.00,1.00
2017.04.13 10:15:23.893,8.99481,8.99639,1.00,1.00
2017.04.13 10:15:24.051,8.99493,8.99639,1.00,1.00
2017.04.13 10:15:24.380,8.99495,8.99639,1.00,1.00
2017.04.13 10:15:24.869,8.99512,8.99643,1.00,1.00
2017.04.13 10:15:26.274,8.99516,8.99647,1.00,1.00
2017.04.13 10:15:26.848,8.99496,8.99646,1.00,1.00
2017.04.13 10:15:27.459,8.99497,8.99646,1.00,1.00
2017.04.13 10:15:27.965,8.99498,8.99646,1.00,1.00
2017.04.13 10:15:28.337,8.995,8.99646,1.00,1.00
2017.04.13 10:15:29.217,8.99501,8.99646,1.00,1.00
2017.04.13 10:15:33.618,8.99499,8.99646,1.00,1.00
2017.04.13 10:15:34.520,8.99497,8.99646,1.00,1.00
2017.04.13 10:15:34.717,8.99495,8.99646,1.00,1.00
2017.04.13 10:15:35.048,8.99493,8.99646,1.00,1.00
2017.04.13 10:15:35.819,8.99496,8.99646,1.00,1.00
2017.04.13 10:15:36.103,8.99497,8.9966,1.00,1.00
2017.04.13 10:15:36.154,8.99516,8.99667,1.00,1.00
2017.04.13 10:15:36.398,8.99516,8.9967,1.00,1.00
2017.04.13 10:15:36.500,8.99522,8.9967,1.00,1.00
2017.04.13 10:15:36.963,8.99518,8.9967,1.00,1.00
2017.04.13 10:15:37.065,8.99522,8.9967,1.00,1.00
2017.04.13 10:15:37.375,8.99516,8.99652,1.00,1.00
2017.04.13 10:15:37.477,8.99516,8.99664,1.00,1.00
2017.04.13 10:15:37.697,8.99529,8.99664,1.00,1.00
2017.04.13 10:15:38.035,8.99535,8.99664,1.00,1.00
2017.04.13 10:15:38.365,8.99537,8.99664,1.00,1.00
2017.04.13 10:15:38.799,8.99538,8.9966,1.00,1.00
2017.04.13 10:15:39.050,8.99534,8.9966,1.00,1.00
2017.04.13 10:15:39.151,8.99542,8.9966,1.00,1.00
2017.04.13 10:15:39.304,8.99542,8.99665,1.00,1.00
2017.04.13 10:15:39.506,8.99545,8.99665,1.00,1.00
2017.04.13 10:15:39.825,8.99544,8.99659,1.00,1.00
2017.04.13 10:15:40.099,8.99544,8.99674,1.00,1.00
2017.04.13 10:15:40.337,8.9954,8.99674,1.00,1.00
2017.04.13 10:15:40.668,8.99542,8.99674,1.00,1.00
2017.04.13 10:15:40.820,8.99542,8.99679,1.00,1.00
2017.04.13 10:15:41.065,8.99544,8.99679,1.00,1.00
2017.04.13 10:15:41.116,8.99544,8.99685,1.00,1.00
2017.04.13 10:15:41.570,8.99553,8.99685,1.00,1.00
2017.04.13 10:15:42.126,8.99554,8.99668,1.00,1.00
2017.04.13 10:15:42.537,8.99547,8.99668,1.00,1.00
2017.04.13 10:15:43.067,8.99548,8.99668,1.00,1.00
2017.04.13 10:15:43.219,8.99556,8.99668,1.00,1.00
2017.04.13 10:15:43.270,8.99556,8.99709,1.00,1.00
2017.04.13 10:15:43.512,8.99588,8.9973,1.00,1.00
2017.04.13 10:15:43.844,8.9957,8.99702,1.00,1.00
2017.04.13 10:15:44.314,8.99553,8.99687,1.00,1.00
2017.04.13 10:15:44.834,8.99554,8.99687,1.00,1.00
2017.04.13 10:15:44.957,8.99556,8.99687,1.00,1.00
2017.04.13 10:15:45.336,8.9956,8.99691,1.00,1.00
2017.04.13 10:15:45.656,8.99583,8.99714,1.00,1.00
2017.04.13 10:15:46.628,8.99567,8.99696,1.00,1.00
2017.04.13 10:15:46.679,8.99585,8.99716,1.00,1.00
2017.04.13 10:15:50.080,8.99593,8.99725,1.00,1.00
2017.04.13 10:15:50.181,8.99579,8.99717,1.00,1.00
2017.04.13 10:15:51.057,8.99574,8.99713,1.50,1.00
2017.04.13 10:15:53.209,8.99575,8.99713,1.00,1.00
2017.04.13 10:15:53.819,8.99576,8.99713,1.00,1.00
2017.04.13 10:15:53.977,8.99586,8.99724,1.00,1.00
2017.04.13 10:15:54.078,8.99596,8.99735,1.00,1.00
2017.04.13 10:15:54.179,8.99608,8.99747,1.00,1.00
2017.04.13 10:15:54.489,8.99627,8.99758,1.00,1.00
2017.04.13 10:15:56.069,8.99631,8.99758,1.00,1.00
2017.04.13 10:15:56.171,8.99624,8.99756,1.00,1.00
2017.04.13 10:15:56.322,8.99632,8.99763,1.00,1.00
2017.04.13 10:15:58.098,8.99609,8.99759,1.00,1.00
2017.04.13 10:15:58.817,8.9961,8.99759,1.00,1.00
2017.04.13 10:15:59.378,8.9961,8.99764,1.00,1.00
2017.04.13 10:15:59.479,8.99612,8.99764,1.00,1.00
2017.04.13 10:15:59.841,8.99616,8.99764,1.00,1.00
2017.04.13 10:16:00.305,8.99618,8.99764,1.00,1.00
2017.04.13 10:16:00.355,8.99618,8.99769,1.00,1.00
2017.04.13 10:16:00.406,8.99629,8.99769,1.00,1.00
2017.04.13 10:16:00.914,8.99631,8.99769,1.00,1.00
2017.04.13 10:16:01.425,8.99632,8.99769,1.00,1.00
2017.04.13 10:16:02.013,8.99633,8.99769,1.00,1.00
2017.04.13 10:16:02.778,8.99625,8.99769,1.00,1.00
2017.04.13 10:16:03.107,8.99614,8.99769,1.00,1.00
2017.04.13 10:16:03.437,8.99627,8.99769,1.00,1.00
2017.04.13 10:16:03.589,8.99613,8.99769,1.00,1.00
2017.04.13 10:16:03.769,8.99629,8.99769,1.00,1.00
2017.04.13 10:16:04.462,8.9963,8.99769,1.00,1.00
2017.04.13 10:16:04.972,8.99633,8.99769,1.00,1.00
2017.04.13 10:16:05.087,8.99631,8.99769,1.00,1.00
2017.04.13 10:16:05.662,8.99632,8.99769,1.00,1.00
2017.04.13 10:16:05.747,8.9963,8.99769,1.00,1.00
2017.04.13 10:16:06.013,8.99606,8.99756,1.00,1.00
2017.04.13 10:16:06.064,8.99606,8.99735,1.00,1.00
2017.04.13 10:16:06.231,8.99583,8.99735,1.00,1.00
2017.04.13 10:16:06.696,8.99587,8.99735,1.00,1.00
2017.04.13 10:16:07.008,8.99621,8.99747,1.00,1.00
2017.04.13 10:16:07.338,8.99623,8.99747,1.00,1.00
2017.04.13 10:16:07.389,8.99623,8.99753,1.00,1.00
2017.04.13 10:16:07.617,8.99625,8.99753,1.00,1.00
2017.04.13 10:16:08.151,8.99626,8.99753,1.00,1.00
2017.04.13 10:16:08.497,8.99628,8.99753,1.00,1.00
2017.04.13 10:16:08.827,8.9963,8.99753,1.00,1.00
2017.04.13 10:16:09.411,8.99633,8.99753,1.00,1.00
2017.04.13 10:16:10.149,8.99636,8.99753,1.00,1.00
2017.04.13 10:16:10.345,8.99636,8.99773,1.00,1.00
2017.04.13 10:16:10.396,8.99648,8.99782,1.00,1.00
2017.04.13 10:16:10.498,8.99648,8.99784,1.00,1.00
2017.04.13 10:16:10.599,8.99648,8.99793,1.00,1.00
2017.04.13 10:16:10.701,8.99658,8.99793,1.00,1.00
2017.04.13 10:16:11.041,8.99658,8.99781,1.00,1.00
2017.04.13 10:16:11.394,8.99651,8.99781,1.00,1.00
2017.04.13 10:16:12.103,8.99651,8.99775,1.00,1.00
2017.04.13 10:16:12.255,8.99634,8.99775,1.00,1.00
2017.04.13 10:16:12.609,8.99643,8.99775,1.00,1.00
2017.04.13 10:16:12.990,8.99643,8.99768,1.00,1.00
2017.04.13 10:16:13.151,8.9964,8.99768,1.00,1.00
2017.04.13 10:16:13.202,8.99638,8.99768,1.00,1.00
2017.04.13 10:16:13.457,8.99636,8.99768,1.00,1.00
2017.04.13 10:16:14.007,8.99633,8.99768,1.00,1.00
2017.04.13 10:16:14.667,8.99631,8.99768,1.00,1.00
2017.04.13 10:16:15.178,8.99634,8.99768,1.00,1.00
2017.04.13 10:16:15.710,8.99633,8.99768,1.00,1.00
2017.04.13 10:16:16.211,8.99621,8.99768,1.00,1.00
2017.04.13 10:16:16.474,8.99623,8.99768,1.00,1.00
2017.04.13 10:16:16.822,8.99625,8.99768,1.00,1.00
2017.04.13 10:16:17.145,8.99627,8.99768,1.00,1.00
2017.04.13 10:16:17.813,8.99628,8.99768,1.00,1.00
2017.04.13 10:16:18.297,8.9963,8.99768,1.00,1.00
2017.04.13 10:16:19.947,8.99631,8.99768,1.00,1.00
2017.04.13 10:16:21.663,8.99631,8.9977,1.00,1.00
2017.04.13 10:16:21.778,8.99631,8.99764,1.00,1.00
2017.04.13 10:16:26.253,8.99624,8.99764,1.00,1.00
2017.04.13 10:16:26.476,8.99614,8.99764,1.00,1.00
2017.04.13 10:16:26.780,8.99627,8.99764,1.00,1.00
2017.04.13 10:16:27.099,8.99631,8.99764,1.00,1.00
2017.04.13 10:16:27.251,8.99631,8.9977,1.00,1.00
2017.04.13 10:16:27.352,8.99621,8.9977,1.00,1.00
2017.04.13 10:16:27.554,8.99635,8.9977,1.00,1.00
2017.04.13 10:16:27.877,8.99638,8.9977,1.00,1.00
2017.04.13 10:16:28.197,8.99628,8.9977,1.00,1.00
2017.04.13 10:16:28.248,8.99628,8.99768,1.00,1.00
2017.04.13 10:16:28.385,8.9963,8.99778,1.00,1.00
2017.04.13 10:16:28.540,8.99634,8.99778,1.00,1.00
2017.04.13 10:16:28.878,8.99637,8.99772,1.00,1.00
2017.04.13 10:16:29.398,8.99638,8.99772,1.00,1.00
2017.04.13 10:16:29.737,8.99647,8.99772,1.00,1.00
2017.04.13 10:16:29.917,8.99647,8.99785,1.00,1.00
2017.04.13 10:16:29.968,8.99645,8.99785,1.00,1.00
2017.04.13 10:16:30.070,8.99653,8.99801,1.00,1.00
2017.04.13 10:16:31.486,8.99658,8.99807,1.00,1.00
2017.04.13 10:16:31.880,8.99653,8.99801,1.50,1.00
2017.04.13 10:16:32.638,8.99655,8.99801,1.00,1.00
2017.04.13 10:16:32.941,8.99653,8.99798,1.00,1.00
2017.04.13 10:16:33.042,8.99655,8.99803,1.00,1.00
2017.04.13 10:16:34.351,8.99651,8.99798,1.00,1.00
2017.04.13 10:16:34.856,8.9965,8.99798,1.50,1.00
2017.04.13 10:16:35.787,8.99645,8.99794,1.00,1.00
2017.04.13 10:16:36.356,8.99647,8.99794,1.00,1.00
2017.04.13 10:16:36.693,8.99651,8.99796,1.00,1.00
2017.04.13 10:16:37.087,8.99653,8.99796,1.00,1.00
2017.04.13 10:16:37.330,8.99655,8.99801,1.00,1.00
2017.04.13 10:16:37.690,8.99661,8.99801,1.00,1.00
2017.04.13 10:16:37.916,8.99652,8.99801,1.00,1.00
2017.04.13 10:16:41.467,8.99653,8.99802,1.00,1.00
2017.04.13 10:16:42.209,8.99654,8.99797,1.00,1.00
2017.04.13 10:16:43.072,8.99661,8.99797,1.00,1.00
2017.04.13 10:16:43.708,8.99654,8.99797,1.00,1.00
2017.04.13 10:16:46.936,8.99654,8.99802,1.00,1.00
2017.04.13 10:16:56.454,8.99657,8.99805,1.00,1.00
2017.04.13 10:16:57.245,8.99658,8.99812,1.00,1.00
2017.04.13 10:16:57.396,8.9967,8.99812,1.00,1.00
2017.04.13 10:16:57.497,8.9967,8.99817,1.00,1.00
2017.04.13 10:16:57.599,8.99666,8.99817,1.00,1.00
2017.04.13 10:16:57.821,8.99663,8.99817,1.00,1.00
2017.04.13 10:16:58.277,8.99658,8.99813,1.00,1.00
2017.04.13 10:16:58.328,8.99664,8.99818,1.00,1.00
2017.04.13 10:16:59.358,8.9967,8.99824,1.00,1.00
2017.04.13 10:16:59.906,8.99661,8.99813,1.00,1.00
2017.04.13 10:17:00.325,8.99679,8.99813,1.00,1.00
2017.04.13 10:17:00.376,8.99679,8.99819,1.00,1.00
2017.04.13 10:17:00.669,8.99672,8.99826,1.00,1.00
2017.04.13 10:17:00.771,8.99676,8.99826,1.00,1.00
2017.04.13 10:17:01.023,8.99661,8.99815,1.00,1.00
2017.04.13 10:17:01.451,8.99672,8.99815,1.00,1.00
2017.04.13 10:17:01.665,8.99661,8.99815,1.00,1.00
2017.04.13 10:17:01.976,8.99664,8.99811,1.00,1.00
2017.04.13 10:17:02.904,8.99663,8.99811,1.00,1.00
2017.04.13 10:17:03.507,8.99676,8.99811,1.00,1.00
2017.04.13 10:17:03.939,8.99677,8.99808,1.00,1.00
2017.04.13 10:17:04.604,8.99676,8.99808,1.50,1.00
2017.04.13 10:17:05.644,8.99681,8.99813,1.00,1.00
2017.04.13 10:17:05.947,8.99665,8.99796,1.00,1.00
2017.04.13 10:17:06.464,8.99664,8.99796,1.00,1.00
2017.04.13 10:17:06.781,8.99667,8.99793,1.00,1.00
2017.04.13 10:17:07.054,8.99664,8.99793,1.00,1.00
2017.04.13 10:17:07.561,8.99665,8.99793,1.00,1.00
2017.04.13 10:17:07.715,8.99667,8.99793,1.00,1.00
2017.04.13 10:17:08.045,8.99669,8.99793,1.00,1.00
2017.04.13 10:17:08.805,8.99669,8.99785,1.00,1.00
2017.04.13 10:17:09.072,8.99657,8.99785,1.00,1.00
2017.04.13 10:17:09.123,8.99668,8.99785,1.00,1.00
2017.04.13 10:17:09.667,8.99669,8.99785,1.00,1.00
2017.04.13 10:17:09.774,8.99669,8.9979,1.00,1.00
2017.04.13 10:17:09.825,8.99671,8.9979,1.00,1.00
2017.04.13 10:17:10.377,8.99672,8.9979,1.00,1.00
2017.04.13 10:17:10.685,8.99658,8.99778,1.00,1.00
2017.04.13 10:17:10.736,8.99658,8.99769,1.00,1.00
2017.04.13 10:17:11.002,8.9965,8.99769,1.00,1.00
2017.04.13 10:17:11.537,8.99651,8.99769,1.00,1.00
2017.04.13 10:17:11.588,8.99651,8.99759,1.00,1.00
2017.04.13 10:17:11.908,8.99648,8.99759,1.00,1.00
2017.04.13 10:17:12.243,8.99646,8.99759,1.00,1.00
2017.04.13 10:17:12.294,8.99646,8.99769,1.00,1.00
2017.04.13 10:17:12.564,8.99641,8.99769,1.00,1.00
2017.04.13 10:17:13.046,8.99642,8.9976,1.00,1.00
2017.04.13 10:17:13.417,8.99636,8.9976,1.00,1.00
2017.04.13 10:17:13.675,8.99636,8.99766,1.00,1.00
2017.04.13 10:17:14.408,8.99637,8.99766,1.00,1.00
2017.04.13 10:17:14.738,8.99639,8.99766,1.00,1.00
2017.04.13 10:17:15.345,8.9964,8.99766,1.00,1.00
2017.04.13 10:17:15.871,8.99639,8.99766,1.00,1.00
2017.04.13 10:17:16.179,8.99641,8.99766,1.00,1.00
2017.04.13 10:17:16.817,8.99644,8.99766,1.00,1.00
2017.04.13 10:17:17.147,8.99646,8.99753,1.00,1.00
2017.04.13 10:17:18.038,8.99647,8.99753,1.00,1.00
2017.04.13 10:17:21.217,8.99648,8.99753,1.00,1.00
2017.04.13 10:17:21.764,8.99649,8.99753,1.00,1.00
2017.04.13 10:17:22.097,8.99652,8.99754,1.00,1.00
2017.04.13 10:17:22.561,8.99652,8.99769,1.00,1.00
2017.04.13 10:17:22.763,8.99654,8.99769,1.00,1.00
2017.04.13 10:17:25.428,8.99653,8.99769,1.00,1.00
2017.04.13 10:17:25.726,8.99646,8.99769,1.00,1.00
2017.04.13 10:17:26.056,8.99652,8.99769,1.00,1.00
2017.04.13 10:17:27.377,8.99653,8.99769,1.00,1.00
2017.04.13 10:17:27.930,8.99652,8.99769,1.00,1.00
2017.04.13 10:17:28.806,8.99641,8.99769,1.00,1.00
2017.04.13 10:17:29.246,8.99643,8.99769,1.00,1.00
2017.04.13 10:17:29.945,8.99644,8.99769,1.00,1.00
2017.04.13 10:17:30.518,8.99645,8.99769,1.00,1.00
2017.04.13 10:17:30.896,8.99648,8.99769,1.00,1.00
2017.04.13 10:17:31.572,8.99649,8.99769,1.00,1.00
2017.04.13 10:17:32.031,8.99649,8.99775,1.00,1.00
2017.04.13 10:17:32.704,8.99649,8.99755,1.00,1.00
2017.04.13 10:17:33.227,8.99646,8.99755,1.00,1.00
2017.04.13 10:17:33.379,8.99646,8.99742,1.00,1.00
2017.04.13 10:17:33.480,8.99624,8.99722,1.00,1.00
2017.04.13 10:17:33.733,8.99624,8.99714,1.00,1.00
2017.04.13 10:17:33.881,8.99619,8.99714,1.00,1.00
2017.04.13 10:17:34.147,8.99622,8.99714,1.00,1.00
2017.04.13 10:17:34.876,8.99623,8.99714,1.00,1.00
2017.04.13 10:17:35.426,8.99624,8.99714,1.00,1.00
2017.04.13 10:17:35.756,8.99621,8.99714,1.00,1.00
2017.04.13 10:17:35.807,8.99621,8.99728,1.00,1.00
2017.04.13 10:17:36.086,8.99627,8.99728,1.00,1.00
2017.04.13 10:17:36.406,8.99629,8.99728,1.00,1.00
2017.04.13 10:17:36.763,8.99636,8.99728,1.00,1.00
2017.04.13 10:17:36.966,8.99632,8.99726,1.00,1.00
2017.04.13 10:17:37.116,8.99632,8.99714,1.00,1.00
2017.04.13 10:17:37.296,8.99628,8.99714,1.00,1.00
2017.04.13 10:17:37.517,8.99623,8.99714,1.00,1.00
2017.04.13 10:17:38.176,8.99625,8.99714,1.00,1.00
2017.04.13 10:17:39.049,8.99626,8.99714,1.00,1.00
2017.04.13 10:17:39.606,8.99616,8.99714,1.00,1.00
2017.04.13 10:17:40.549,8.99618,8.99714,1.00,1.00
2017.04.13 10:17:40.900,8.9962,8.99714,1.00,1.00
2017.04.13 10:17:41.247,8.99622,8.99714,1.00,1.00
2017.04.13 10:17:41.606,8.99624,8.99713,1.00,1.00
2017.04.13 10:17:41.738,8.99615,8.99713,1.00,1.00
2017.04.13 10:17:42.071,8.99607,8.99713,1.00,1.00
2017.04.13 10:17:42.247,8.99616,8.99713,1.00,1.00
2017.04.13 10:17:42.552,8.99616,8.9971,1.00,1.00
2017.04.13 10:17:42.979,8.99618,8.9971,1.00,1.00
2017.04.13 10:17:43.668,8.99619,8.9971,1.00,1.00
2017.04.13 10:17:43.820,8.99602,8.99699,1.00,1.00
2017.04.13 10:17:44.148,8.99604,8.99699,1.00,1.00
2017.04.13 10:17:44.657,8.99606,8.99699,1.00,1.00
2017.04.13 10:17:44.987,8.99608,8.99699,1.00,1.00
2017.04.13 10:17:45.289,8.99611,8.99699,1.00,1.00
2017.04.13 10:17:45.648,8.99613,8.99699,1.00,1.00
2017.04.13 10:17:46.197,8.99614,8.99699,1.00,1.00
2017.04.13 10:17:46.248,8.9961,8.99699,1.00,1.00
2017.04.13 10:17:46.976,8.99613,8.99699,1.00,1.00
2017.04.13 10:17:47.281,8.99613,8.99695,1.00,1.00
2017.04.13 10:17:47.332,8.99603,8.99695,1.00,1.00
2017.04.13 10:17:48.296,8.99602,8.99695,1.00,1.00
2017.04.13 10:17:49.071,8.99603,8.99695,1.00,1.00
2017.04.13 10:17:49.730,8.99604,8.99695,1.00,1.00
2017.04.13 10:17:49.947,8.99595,8.99695,1.00,1.00
2017.04.13 10:17:50.199,8.996,8.99695,1.00,1.00
2017.04.13 10:17:50.562,8.99611,8.99695,1.00,1.00
2017.04.13 10:17:50.827,8.99605,8.99695,1.00,1.00
2017.04.13 10:17:51.046,8.99608,8.99695,1.00,1.00
2017.04.13 10:17:51.712,8.99609,8.99695,1.00,1.00
2017.04.13 10:17:51.961,8.9961,8.99698,1.00,1.00
2017.04.13 10:17:52.691,8.99611,8.99698,1.00,1.00
2017.04.13 10:17:53.267,8.99612,8.99699,1.00,1.00
2017.04.13 10:17:53.912,8.99614,8.99699,1.00,1.00
2017.04.13 10:17:54.341,8.99615,8.99687,1.00,1.00
2017.04.13 10:17:54.392,8.99596,8.99687,1.00,1.00
2017.04.13 10:17:54.563,8.99596,8.9968,1.00,1.00
2017.04.13 10:17:54.715,8.9959,8.9968,1.00,1.00
2017.04.13 10:17:55.908,8.9959,8.99667,1.00,1.00
2017.04.13 10:17:56.010,8.99581,8.99662,1.00,1.00
2017.04.13 10:17:56.061,8.99581,8.9968,1.00,1.00
2017.04.13 10:17:56.379,8.99575,8.9968,1.00,1.00
2017.04.13 10:17:57.021,8.99576,8.99682,1.00,1.00
2017.04.13 10:17:57.379,8.99577,8.99668,1.00,1.00
2017.04.13 10:17:57.976,8.99579,8.99668,1.00,1.00
2017.04.13 10:17:58.681,8.9958,8.99668,1.00,1.00
2017.04.13 10:17:59.970,8.99581,8.99668,1.00,1.00
2017.04.13 10:18:00.398,8.99563,8.99668,1.00,1.00
2017.04.13 10:18:00.912,8.99564,8.99668,1.00,1.00
2017.04.13 10:18:01.755,8.99563,8.99681,1.00,1.00
2017.04.13 10:18:02.080,8.99567,8.99681,1.00,1.00
2017.04.13 10:18:02.131,8.99567,8.99693,1.00,1.00
2017.04.13 10:18:02.282,8.99573,8.99693,1.00,1.00
2017.04.13 10:18:02.646,8.99566,8.99693,1.00,1.00
2017.04.13 10:18:03.256,8.99568,8.99693,1.00,1.00
2017.04.13 10:18:03.479,8.99568,8.99706,1.00,1.00
2017.04.13 10:18:03.531,8.99586,8.99721,1.00,1.00
2017.04.13 10:18:03.877,8.99599,8.99721,1.00,1.00
2017.04.13 10:18:04.029,8.99597,8.99721,1.00,1.00
2017.04.13 10:18:04.625,8.99591,8.99721,1.00,1.00
2017.04.13 10:18:05.137,8.99593,8.99721,1.00,1.00
2017.04.13 10:18:05.466,8.99595,8.99721,1.00,1.00
2017.04.13 10:18:05.980,8.99596,8.99721,1.00,1.00
2017.04.13 10:18:06.394,8.99598,8.99721,1.00,1.00
2017.04.13 10:18:06.826,8.99573,8.99693,1.00,1.00
2017.04.13 10:18:07.154,8.99577,8.99693,1.00,1.00
2017.04.13 10:18:07.256,8.99575,8.99693,1.00,1.00
2017.04.13 10:18:07.540,8.99575,8.99684,1.00,1.00
2017.04.13 10:18:07.591,8.99573,8.99684,1.00,1.00
2017.04.13 10:18:07.777,8.99571,8.99684,1.00,1.00
2017.04.13 10:18:08.107,8.99569,8.99684,1.00,1.00
2017.04.13 10:18:08.766,8.99568,8.99684,1.00,1.00
2017.04.13 10:18:09.386,8.99567,8.99684,1.00,1.00
2017.04.13 10:18:09.490,8.99563,8.99684,1.00,1.00
2017.04.13 10:18:10.014,8.99562,8.99684,1.00,1.00
2017.04.13 10:18:11.546,8.99559,8.99684,1.00,1.00
2017.04.13 10:18:11.647,8.99559,8.99687,1.00,1.00
2017.04.13 10:18:11.900,8.99546,8.99687,1.00,1.00
2017.04.13 10:18:12.121,8.99548,8.99687,1.00,1.00
2017.04.13 10:18:12.434,8.9955,8.99679,1.00,1.00
2017.04.13 10:18:13.196,8.99551,8.99679,1.00,1.00
2017.04.13 10:18:13.720,8.9955,8.99679,1.00,1.00
2017.04.13 10:18:14.302,8.99549,8.99679,1.00,1.00
2017.04.13 10:18:14.937,8.9955,8.99679,1.00,1.00
2017.04.13 10:18:15.572,8.99549,8.99679,1.00,1.00
2017.04.13 10:18:16.137,8.9955,8.99679,1.00,1.00
2017.04.13 10:18:16.689,8.99549,8.99679,1.00,1.00
2017.04.13 10:18:17.083,8.99546,8.99679,1.50,1.00
2017.04.13 10:18:17.706,8.99548,8.99679,1.00,1.00
2017.04.13 10:18:18.082,8.99546,8.99679,1.00,1.00
2017.04.13 10:18:18.699,8.99545,8.99679,1.00,1.00
2017.04.13 10:18:19.246,8.9954,8.99679,1.00,1.00
2017.04.13 10:18:21.903,8.99538,8.99678,1.00,1.00
2017.04.13 10:18:23.223,8.99552,8.99685,1.00,1.00
2017.04.13 10:18:25.420,8.99536,8.99676,1.00,1.00
2017.04.13 10:18:27.117,8.9954,8.9968,1.00,1.00
2017.04.13 10:18:27.724,8.99536,8.99675,1.00,1.00
2017.04.13 10:18:29.601,8.9955,8.99683,1.00,1.00
2017.04.13 10:18:29.873,8.99533,8.99671,1.00,1.00
2017.04.13 10:18:30.392,8.99532,8.99671,1.00,1.00
2017.04.13 10:18:31.104,8.99548,8.99679,1.00,1.00
2017.04.13 10:18:31.877,8.99552,8.99685,1.00,1.00
2017.04.13 10:18:33.087,8.99547,8.99691,1.00,1.00
2017.04.13 10:18:33.188,8.99559,8.99703,1.00,1.00
2017.04.13 10:18:34.116,8.99564,8.99708,1.00,1.00
2017.04.13 10:18:34.647,8.99572,8.99708,1.00,1.00
2017.04.13 10:18:34.867,8.99564,8.99708,1.00,1.00
2017.04.13 10:18:35.197,8.9957,8.99708,1.00,1.00
2017.04.13 10:18:35.528,8.99565,8.99708,1.00,1.00
2017.04.13 10:18:35.768,8.99575,8.99708,1.00,1.00
2017.04.13 10:18:36.377,8.99576,8.99708,1.00,1.00
2017.04.13 10:18:36.428,8.99571,8.99708,1.00,1.00
2017.04.13 10:18:36.932,8.99571,8.9971,1.00,1.00
2017.04.13 10:18:38.737,8.99573,8.9971,1.00,1.00
2017.04.13 10:18:39.346,8.99574,8.9971,1.00,1.00
2017.04.13 10:18:39.678,8.99576,8.9971,1.00,1.00
2017.04.13 10:18:40.364,8.99577,8.9971,1.00,1.00
2017.04.13 10:18:41.404,8.99579,8.9971,1.00,1.00
2017.04.13 10:18:41.716,8.99579,8.99707,1.00,1.00
2017.04.13 10:18:42.443,8.99579,8.99699,1.00,1.00
2017.04.13 10:18:43.226,8.9958,8.99699,1.00,1.00
2017.04.13 10:18:43.967,8.9958,8.99713,1.50,1.00
2017.04.13 10:18:47.587,8.99576,8.99702,1.00,1.00
2017.04.13 10:18:47.638,8.99568,8.99702,1.50,1.00
2017.04.13 10:18:50.361,8.99563,8.99707,1.00,1.00
2017.04.13 10:18:50.533,8.99554,8.99707,1.00,1.00
2017.04.13 10:18:52.687,8.99569,8.99703,1.00,1.00
2017.04.13 10:18:56.744,8.99571,8.99702,1.00,1.00
2017.04.13 10:18:57.520,8.99575,8.99708,1.00,1.00
2017.04.13 10:18:59.584,8.99559,8.99702,1.00,1.00
2017.04.13 10:19:00.293,8.99563,8.99702,1.00,1.00
2017.04.13 10:19:01.150,8.99559,8.99702,1.00,1.00
2017.04.13 10:19:02.209,8.99557,8.99702,1.00,1.00
2017.04.13 10:19:07.014,8.99558,8.99703,1.00,1.00
2017.04.13 10:19:12.529,8.99559,8.99692,1.00,1.00
2017.04.13 10:19:14.575,8.99561,8.99692,1.00,1.00
2017.04.13 10:19:14.943,8.99563,8.99692,1.00,1.00
2017.04.13 10:19:15.455,8.99564,8.99692,1.00,1.00
2017.04.13 10:19:17.888,8.99562,8.99692,1.00,1.00
2017.04.13 10:19:18.256,8.99565,8.99698,1.00,1.00
2017.04.13 10:19:18.799,8.99566,8.99699,1.00,1.00
2017.04.13 10:19:19.284,8.99564,8.99697,1.00,1.00
2017.04.13 10:19:21.575,8.99556,8.99689,1.00,1.00
2017.04.13 10:19:21.907,8.99544,8.99658,1.00,1.00
2017.04.13 10:19:21.957,8.99525,8.99658,1.00,1.00
2017.04.13 10:19:22.680,8.99523,8.99656,1.00,1.00
2017.04.13 10:19:23.057,8.99522,8.99638,1.00,1.00
2017.04.13 10:19:23.158,8.99512,8.99638,1.00,1.00
2017.04.13 10:19:23.209,8.99505,8.99638,1.00,1.00
2017.04.13 10:19:23.573,8.99496,8.99623,1.00,1.00
2017.04.13 10:19:23.625,8.99506,8.99639,1.00,1.00
2017.04.13 10:19:23.726,8.99501,8.9963,1.00,1.00
2017.04.13 10:19:24.075,8.99503,8.9963,1.00,1.00
2017.04.13 10:19:24.378,8.995,8.9963,1.00,1.00
2017.04.13 10:19:24.479,8.995,8.99625,1.00,1.00
2017.04.13 10:19:24.917,8.99491,8.99625,1.00,1.00
2017.04.13 10:19:25.119,8.99488,8.99642,1.00,1.00
2017.04.13 10:19:25.610,8.99491,8.99642,1.00,1.00
2017.04.13 10:19:25.883,8.99494,8.99649,1.00,1.00
2017.04.13 10:19:25.933,8.99492,8.99643,1.00,1.00
2017.04.13 10:19:26.239,8.99495,8.99643,1.00,1.00
2017.04.13 10:19:26.559,8.99499,8.99643,1.00,1.00
2017.04.13 10:19:26.887,8.99501,8.99643,1.00,1.00
2017.04.13 10:19:27.196,8.99502,8.99639,1.00,1.00
2017.04.13 10:19:27.248,8.99502,8.99645,1.00,1.00
2017.04.13 10:19:27.476,8.99512,8.99666,1.00,1.00
2017.04.13 10:19:27.625,8.99521,8.99666,1.00,1.00
2017.04.13 10:19:27.931,8.99536,8.99671,1.00,1.00
2017.04.13 10:19:28.264,8.99538,8.99671,1.00,1.00
2017.04.13 10:19:28.435,8.99524,8.99671,1.00,1.00
2017.04.13 10:19:28.486,8.99524,8.99663,1.00,1.00
2017.04.13 10:19:28.992,8.99527,8.99663,1.00,1.00
2017.04.13 10:19:29.650,8.99528,8.99663,1.00,1.00
2017.04.13 10:19:30.195,8.99529,8.99663,1.00,1.00
2017.04.13 10:19:30.525,8.99527,8.99663,1.00,1.00
2017.04.13 10:19:30.855,8.99524,8.99663,1.00,1.00
2017.04.13 10:19:31.208,8.99526,8.99663,1.00,1.00
2017.04.13 10:19:31.581,8.99524,8.99659,1.00,1.00
2017.04.13 10:19:32.312,8.99524,8.99658,1.00,1.00
2017.04.13 10:19:33.936,8.99524,8.99646,1.00,1.00
2017.04.13 10:19:35.785,8.99524,8.99641,1.00,1.00
2017.04.13 10:19:36.261,8.99526,8.99641,1.00,1.00
2017.04.13 10:19:36.590,8.99524,8.99641,1.00,1.00
2017.04.13 10:19:38.521,8.99512,8.99641,1.00,1.00
2017.04.13 10:19:39.303,8.99513,8.99641,1.00,1.00
2017.04.13 10:19:40.674,8.99512,8.99641,1.00,1.00
2017.04.13 10:19:41.664,8.99508,8.99641,1.00,1.00
2017.04.13 10:19:42.308,8.99503,8.99631,1.00,1.00
2017.04.13 10:19:42.734,8.99504,8.99643,1.00,1.00
2017.04.13 10:19:44.210,8.99502,8.99643,1.00,1.00
2017.04.13 10:19:44.412,8.99502,8.99633,1.00,1.00
2017.04.13 10:19:46.256,8.99503,8.99633,1.00,1.00
2017.04.13 10:19:46.774,8.99504,8.99633,1.00,1.00
2017.04.13 10:19:47.135,8.99508,8.99633,1.00,1.00
2017.04.13 10:19:47.481,8.99508,8.99631,1.00,1.00
2017.04.13 10:19:47.822,8.9951,8.99631,1.00,1.00
2017.04.13 10:19:48.133,8.99512,8.99631,1.00,1.00
2017.04.13 10:19:48.648,8.99513,8.99631,1.00,1.00
2017.04.13 10:19:48.992,8.99515,8.99631,1.00,1.00
2017.04.13 10:19:49.095,8.99518,8.99636,1.00,1.00
2017.04.13 10:19:49.247,8.99518,8.99641,1.00,1.00
2017.04.13 10:19:49.349,8.99522,8.99641,1.00,1.00
2017.04.13 10:19:49.885,8.99525,8.99641,1.00,1.00
2017.04.13 10:19:50.159,8.99552,8.99696,1.00,1.00
2017.04.13 10:19:51.125,8.99544,8.9968,1.00,1.00
2017.04.13 10:19:51.465,8.99536,8.99669,1.00,1.00
2017.04.13 10:19:51.970,8.99535,8.99668,1.00,1.00
2017.04.13 10:19:52.370,8.99565,8.99698,1.00,1.00
2017.04.13 10:19:52.724,8.99556,8.99689,1.00,1.00
2017.04.13 10:19:52.989,8.99528,8.99691,1.00,1.00
2017.04.13 10:19:53.040,8.99528,8.9968,1.00,1.00
2017.04.13 10:19:53.363,8.99531,8.99662,1.00,1.00
2017.04.13 10:19:54.132,8.99524,8.99657,1.50,1.00
2017.04.13 10:19:54.842,8.99524,8.99646,1.00,1.00
2017.04.13 10:19:55.315,8.99524,8.99655,1.00,1.00
2017.04.13 10:19:55.517,8.99524,8.99649,1.00,1.00
2017.04.13 10:19:56.814,8.99524,8.99652,1.00,1.00
2017.04.13 10:19:57.165,8.99515,8.99638,1.00,1.00
2017.04.13 10:19:57.706,8.99514,8.99638,1.00,1.00
2017.04.13 10:19:58.365,8.99513,8.99638,1.00,1.00
2017.04.13 10:19:59.167,8.99512,8.99638,1.00,1.00
2017.04.13 10:19:59.496,8.9951,8.99638,1.00,1.00
2017.04.13 10:20:00.130,8.99509,8.99638,1.00,1.00
2017.04.13 10:20:00.181,8.99507,8.99638,1.00,1.00
2017.04.13 10:20:00.735,8.99512,8.99638,1.00,1.00
2017.04.13 10:20:02.365,8.99502,8.99635,1.00,1.00
2017.04.13 10:20:07.077,8.99496,8.99629,1.00,1.00
2017.04.13 10:20:08.077,8.99493,8.99626,1.00,1.00
2017.04.13 10:20:08.711,8.99501,8.99626,1.00,1.00
2017.04.13 10:20:09.112,8.99511,8.99635,1.00,1.00
2017.04.13 10:20:11.845,8.99509,8.99633,1.00,1.00
2017.04.13 10:20:12.847,8.99508,8.99632,1.00,1.00
2017.04.13 10:20:13.861,8.995,8.99624,1.00,1.00
2017.04.13 10:20:17.117,8.99498,8.99622,1.00,1.00
2017.04.13 10:20:22.166,8.99497,8.99621,1.00,1.00
2017.04.13 10:20:26.269,8.99494,8.99617,1.00,1.00
2017.04.13 10:20:26.581,8.99498,8.99617,1.00,1.00
2017.04.13 10:20:26.688,8.99495,8.99617,1.00,1.00
2017.04.13 10:20:27.223,8.99498,8.99617,1.00,1.00
2017.04.13 10:20:27.695,8.99498,8.99621,1.00,1.00
2017.04.13 10:20:28.316,8.99497,8.99621,1.00,1.00
2017.04.13 10:20:35.135,8.99498,8.99621,1.00,1.00
2017.04.13 10:20:35.715,8.99497,8.99621,1.00,1.00
2017.04.13 10:20:35.817,8.99502,8.99626,1.00,1.00
2017.04.13 10:20:37.174,8.99503,8.99627,1.00,1.00
2017.04.13 10:20:41.904,8.99502,8.99626,1.00,1.00
2017.04.13 10:20:42.907,8.99503,8.99627,1.00,1.00
2017.04.13 10:20:52.203,8.99504,8.99628,1.00,1.00
2017.04.13 10:20:54.221,8.99508,8.99632,1.00,1.00
2017.04.13 10:20:54.524,8.99542,8.99665,1.00,1.00
2017.04.13 10:20:54.778,8.99551,8.99675,1.00,1.00
2017.04.13 10:20:55.901,8.99552,8.99677,1.00,1.00
2017.04.13 10:20:56.003,8.99546,8.99669,1.00,1.00
2017.04.13 10:20:58.809,8.99533,8.99657,1.00,1.00
2017.04.13 10:20:58.860,8.99528,8.9965,1.00,1.00
2017.04.13 10:20:59.808,8.99525,8.9965,1.00,1.00
2017.04.13 10:21:00.879,8.99519,8.99644,1.00,1.00
2017.04.13 10:21:02.198,8.99534,8.99658,1.00,1.00
2017.04.13 10:21:02.501,8.99543,8.99667,1.00,1.00
2017.04.13 10:21:03.217,8.99548,8.99673,1.00,1.00
2017.04.13 10:21:03.840,8.99509,8.99669,1.00,1.00
2017.04.13 10:21:03.891,8.99509,8.99642,1.00,1.00
2017.04.13 10:21:04.194,8.99504,8.99629,1.00,1.00
2017.04.13 10:21:04.919,8.99503,8.99628,1.00,1.00
2017.04.13 10:21:06.756,8.995,8.99624,1.00,1.00
2017.04.13 10:21:11.965,8.99499,8.99624,1.00,1.00
2017.04.13 10:21:12.965,8.99503,8.99627,1.00,1.00
2017.04.13 10:21:14.347,8.99507,8.99632,1.00,1.00
2017.04.13 10:21:15.355,8.99509,8.99633,1.00,1.00
2017.04.13 10:21:17.938,8.99505,8.99627,1.00,1.00
2017.04.13 10:21:18.977,8.99503,8.99627,1.00,1.00
2017.04.13 10:21:22.278,8.99504,8.99628,1.00,1.00
2017.04.13 10:21:39.681,8.99511,8.99635,1.00,1.00
2017.04.13 10:21:40.066,8.99501,8.99626,1.00,1.00
2017.04.13 10:21:42.025,8.99502,8.99627,1.00,1.00
2017.04.13 10:21:43.027,8.99503,8.99625,1.00,1.00
2017.04.13 10:21:44.461,8.99507,8.99631,1.00,1.00
2017.04.13 10:21:45.426,8.99501,8.99625,1.00,1.00
2017.04.13 10:21:52.323,8.99504,8.99626,1.00,1.00
2017.04.13 10:21:54.976,8.99506,8.9963,1.00,1.00
2017.04.13 10:21:55.970,8.99511,8.99634,1.00,1.00
2017.04.13 10:21:56.521,8.99515,8.9964,1.00,1.00
2017.04.13 10:21:56.572,8.99537,8.99662,1.00,1.00
2017.04.13 10:21:56.876,8.99547,8.99671,1.00,1.00
2017.04.13 10:21:57.714,8.99546,8.9967,1.00,1.00
2017.04.13 10:21:58.631,8.99547,8.9967,1.00,1.00
2017.04.13 10:22:02.596,8.99542,8.99667,1.00,1.00
2017.04.13 10:22:05.029,8.99547,8.99671,1.00,1.00
2017.04.13 10:22:07.504,8.99515,8.9967,1.00,1.00
2017.04.13 10:22:07.643,8.99515,8.99661,1.00,1.00
2017.04.13 10:22:07.946,8.99506,8.99634,1.00,1.00
2017.04.13 10:22:08.273,8.99485,8.99609,1.00,1.00
2017.04.13 10:22:08.577,8.99498,8.99622,1.00,1.00
2017.04.13 10:22:09.458,8.99484,8.99608,1.00,1.00
2017.04.13 10:22:10.464,8.99479,8.99602,1.00,1.00
2017.04.13 10:22:12.116,8.99479,8.99601,1.00,1.00
2017.04.13 10:22:13.104,8.99479,8.996,1.00,1.00
2017.04.13 10:22:16.212,8.99483,8.99606,1.00,1.00
2017.04.13 10:22:17.074,8.9949,8.99614,1.00,1.00
2017.04.13 10:22:17.126,8.99499,8.99622,1.00,1.00
2017.04.13 10:22:18.106,8.99498,8.99621,1.00,1.00
2017.04.13 10:22:18.446,8.99505,8.99628,1.00,1.00
2017.04.13 10:22:20.665,8.99507,8.9964,1.00,1.00
2017.04.13 10:22:20.716,8.99533,8.99656,1.00,1.00
2017.04.13 10:22:20.767,8.99547,8.99671,1.00,1.00
2017.04.13 10:22:21.732,8.99549,8.99672,1.00,1.00
2017.04.13 10:22:22.738,8.99548,8.99672,1.00,1.00
2017.04.13 10:22:23.072,8.99577,8.997,1.00,1.00
2017.04.13 10:22:23.376,8.99556,8.99679,1.00,1.00
2017.04.13 10:22:24.887,8.99578,8.99701,1.00,1.00
2017.04.13 10:22:25.228,8.9959,8.99713,1.00,1.00
2017.04.13 10:22:25.761,8.99585,8.99708,1.00,1.00
2017.04.13 10:22:26.978,8.99626,8.99748,1.00,1.00
2017.04.13 10:22:27.079,8.996,8.99754,1.00,1.00
2017.04.13 10:22:27.130,8.996,8.99721,1.00,1.00
2017.04.13 10:22:27.332,8.99587,8.99721,1.00,1.00
2017.04.13 10:22:27.824,8.99584,8.99708,1.00,1.00
2017.04.13 10:22:28.145,8.99579,8.99703,1.00,1.00
2017.04.13 10:22:28.732,8.99585,8.99708,1.00,1.00
2017.04.13 10:22:29.035,8.99565,8.99686,1.00,1.00
2017.04.13 10:22:29.778,8.99563,8.99684,1.00,1.00
2017.04.13 10:22:32.626,8.99568,8.99691,1.00,1.00
2017.04.13 10:22:32.871,8.99563,8.99686,1.00,1.00
2017.04.13 10:22:33.174,8.99578,8.997,1.00,1.00
2017.04.13 10:22:33.636,8.99572,8.99695,1.00,1.00
2017.04.13 10:22:34.470,8.99577,8.997,1.00,1.00
2017.04.13 10:22:34.808,8.99591,8.99713,1.00,1.00
2017.04.13 10:22:34.859,8.99613,8.99736,1.00,1.00
2017.04.13 10:22:34.960,8.99615,8.99737,1.00,1.00
2017.04.13 10:22:35.163,8.99583,8.99706,1.00,1.00
2017.04.13 10:22:35.860,8.99568,8.99691,1.00,1.00
2017.04.13 10:22:36.851,8.99565,8.99686,1.00,1.00
2017.04.13 10:22:37.214,8.99586,8.99709,1.00,1.00
2017.04.13 10:22:38.095,8.99585,8.99708,1.00,1.00
2017.04.13 10:22:39.695,8.99591,8.99713,1.00,1.00
2017.04.13 10:22:40.026,8.99596,8.99719,1.00,1.00
2017.04.13 10:22:40.077,8.99603,8.99725,1.00,1.00
2017.04.13 10:22:40.179,8.99629,8.99752,1.00,1.00
2017.04.13 10:22:40.229,8.99639,8.9976,1.00,1.00
2017.04.13 10:22:40.280,8.99639,8.99762,1.00,1.00
2017.04.13 10:22:41.192,8.99645,8.99768,1.00,1.00
2017.04.13 10:22:41.587,8.99651,8.99774,1.00,1.00
2017.04.13 10:22:42.585,8.9965,8.99771,1.00,1.00
2017.04.13 10:22:42.966,8.99642,8.99765,1.00,1.00
2017.04.13 10:22:43.951,8.99653,8.99776,1.00,1.00
2017.04.13 10:22:44.254,8.99659,8.99781,1.00,1.00
2017.04.13 10:22:45.155,8.99639,8.99762,1.00,1.00
2017.04.13 10:22:46.300,8.99635,8.99758,1.00,1.00
2017.04.13 10:22:47.656,8.99636,8.99759,1.00,1.00
2017.04.13 10:22:48.553,8.99631,8.99754,1.00,1.00
2017.04.13 10:22:48.857,8.99586,8.99709,1.00,1.00
2017.04.13 10:22:49.177,8.99588,8.99711,1.00,1.00
2017.04.13 10:22:50.116,8.9959,8.99711,1.00,1.00
2017.04.13 10:22:52.014,8.9957,8.99693,1.00,1.00
2017.04.13 10:22:52.526,8.99558,8.99679,1.00,1.00
2017.04.13 10:22:53.538,8.99553,8.99675,1.00,1.00
2017.04.13 10:22:55.734,8.99554,8.99675,1.00,1.00
2017.04.13 10:22:56.064,8.99557,8.99675,1.00,1.00
2017.04.13 10:22:56.580,8.99558,8.99675,1.00,1.00
2017.04.13 10:22:57.176,8.99559,8.99677,1.00,1.00
2017.04.13 10:22:57.384,8.99556,8.99677,1.00,1.00
2017.04.13 10:22:57.620,8.9956,8.99677,1.00,1.00
2017.04.13 10:22:58.001,8.99561,8.99684,1.50,1.00
2017.04.13 10:23:01.004,8.99557,8.99679,1.00,1.00
2017.04.13 10:23:02.685,8.99552,8.99675,1.00,1.00
2017.04.13 10:23:02.930,8.99557,8.9968,1.00,1.00
2017.04.13 10:23:03.392,8.99564,8.99686,1.00,1.00
2017.04.13 10:23:03.912,8.99559,8.99681,1.00,1.00
2017.04.13 10:23:05.242,8.99558,8.99689,1.00,1.00
2017.04.13 10:23:05.292,8.99595,8.99718,1.00,1.00
2017.04.13 10:23:06.296,8.99597,8.9972,1.00,1.00
2017.04.13 10:23:07.473,8.99597,8.99719,1.00,1.00
2017.04.13 10:23:07.997,8.99621,8.99744,1.00,1.00
2017.04.13 10:23:08.443,8.99614,8.99736,1.00,1.00
2017.04.13 10:23:08.544,8.99604,8.99727,1.00,1.00
2017.04.13 10:23:09.005,8.99596,8.99719,1.00,1.00
2017.04.13 10:23:09.316,8.99596,8.99727,1.00,1.00
2017.04.13 10:23:09.418,8.99633,8.99756,1.00,1.00
2017.04.13 10:23:09.772,8.99619,8.99742,1.00,1.00
2017.04.13 10:23:10.076,8.99604,8.99727,1.00,1.00
2017.04.13 10:23:11.298,8.99617,8.99738,1.00,1.00
2017.04.13 10:23:11.349,8.99629,8.99752,1.00,1.00
2017.04.13 10:23:11.400,8.99618,8.99741,1.00,1.00
2017.04.13 10:23:11.738,8.99582,8.99705,1.00,1.00
2017.04.13 10:23:12.464,8.99575,8.99698,1.00,1.00
2017.04.13 10:23:12.795,8.99583,8.99706,1.00,1.00
2017.04.13 10:23:13.196,8.99592,8.99714,1.00,1.07
2017.04.13 10:23:13.247,8.99592,8.99714,1.00,1.00
2017.04.13 10:23:13.575,8.99598,8.99721,1.00,1.00
2017.04.13 10:23:15.150,8.99586,8.99718,1.00,1.00
2017.04.13 10:23:15.201,8.99583,8.99718,1.00,1.00
2017.04.13 10:23:15.252,8.99583,8.99712,1.00,1.00
2017.04.13 10:23:15.634,8.99498,8.99621,1.00,1.00
2017.04.13 10:23:16.301,8.9949,8.99623,1.00,1.00
2017.04.13 10:23:16.560,8.99488,8.99623,1.00,1.00
2017.04.13 10:23:16.810,8.99504,8.99626,1.00,1.00
2017.04.13 10:23:16.861,8.99528,8.99651,1.00,1.00
2017.04.13 10:23:16.912,8.99539,8.99661,1.00,1.00
2017.04.13 10:23:17.134,8.99517,8.9964,1.00,1.00
2017.04.13 10:23:17.924,8.99523,8.99646,1.00,1.00
2017.04.13 10:23:18.228,8.9953,8.99644,1.00,1.00
2017.04.13 10:23:18.329,8.99523,8.99644,1.00,1.00
2017.04.13 10:23:18.733,8.99525,8.99647,1.00,1.00
2017.04.13 10:23:18.834,8.99526,8.99667,1.00,1.00
2017.04.13 10:23:19.794,8.99534,8.9968,1.00,1.00
2017.04.13 10:23:19.996,8.99561,8.99684,1.00,1.00
2017.04.13 10:23:28.021,8.99554,8.99677,1.00,1.00
2017.04.13 10:23:30.394,8.9955,8.99673,1.00,1.00
2017.04.13 10:23:32.756,8.99551,8.99674,1.00,1.00
2017.04.13 10:23:36.879,8.99553,8.99674,1.00,1.00
2017.04.13 10:23:37.203,8.99551,8.99674,1.00,1.00
2017.04.13 10:23:37.842,8.9955,8.99673,1.00,1.00
2017.04.13 10:23:38.566,8.99548,8.99669,1.00,1.00
2017.04.13 10:23:38.855,8.99546,8.99669,1.00,1.00
2017.04.13 10:23:39.185,8.99548,8.99669,1.00,1.00
2017.04.13 10:23:40.395,8.99546,8.99669,1.00,1.00
2017.04.13 10:23:40.771,8.99548,8.99669,1.00,1.00
2017.04.13 10:23:41.072,8.99553,8.99669,1.00,1.00
2017.04.13 10:23:41.274,8.99548,8.99669,1.00,1.00
2017.04.13 10:23:41.934,8.99549,8.99669,1.00,1.00
2017.04.13 10:23:42.314,8.9955,8.99672,1.00,1.00
2017.04.13 10:23:43.268,8.9955,8.9967,1.00,1.00
2017.04.13 10:23:43.738,8.99546,8.9967,1.00,1.00
2017.04.13 10:23:44.025,8.9955,8.9967,1.00,1.00
2017.04.13 10:23:44.354,8.99555,8.9967,1.00,1.00
2017.04.13 10:23:44.722,8.99551,8.9967,1.00,1.00
2017.04.13 10:23:45.013,8.99548,8.9967,1.00,1.00
2017.04.13 10:23:45.555,8.99547,8.9967,1.00,1.00
2017.04.13 10:23:45.815,8.99552,8.9967,1.00,1.00
2017.04.13 10:23:46.664,8.99546,8.9967,1.00,1.00
2017.04.13 10:23:47.776,8.99552,8.99675,1.00,1.00
2017.04.13 10:23:52.572,8.9955,8.99674,1.00,1.00
2017.04.13 10:23:55.671,8.9956,8.99683,1.00,1.00
2017.04.13 10:23:55.722,8.99565,8.99689,1.00,1.00
2017.04.13 10:23:55.773,8.99584,8.99706,1.00,1.00
2017.04.13 10:23:57.344,8.99587,8.9971,1.00,1.00
2017.04.13 10:23:58.309,8.99588,8.99711,1.00,1.00
2017.04.13 10:24:02.806,8.99586,8.99707,1.00,1.00
2017.04.13 10:24:05.033,8.99588,8.99711,1.00,1.00
2017.04.13 10:24:06.002,8.99589,8.99712,1.00,1.00
2017.04.13 10:24:07.615,8.99587,8.9971,1.00,1.00
2017.04.13 10:24:07.931,8.9958,8.99703,1.00,1.00
2017.04.13 10:24:12.325,8.99583,8.99707,1.00,1.00
2017.04.13 10:24:13.327,8.99584,8.99707,1.00,1.00
2017.04.13 10:24:17.200,8.99586,8.99709,1.00,1.00
2017.04.13 10:24:22.624,8.99585,8.99708,1.00,1.00
2017.04.13 10:24:26.477,8.99587,8.99707,1.00,1.00
2017.04.13 10:24:27.479,8.99582,8.99705,1.00,1.00
2017.04.13 10:24:31.056,8.99587,8.9971,1.00,1.00
2017.04.13 10:24:31.419,8.99582,8.99705,1.00,1.00
2017.04.13 10:24:32.100,8.99587,8.9971,1.00,1.00
2017.04.13 10:24:35.788,8.9959,8.99713,1.00,1.00
2017.04.13 10:24:39.264,8.99592,8.99715,1.00,1.00
2017.04.13 10:24:40.226,8.99588,8.99711,1.00,1.00
2017.04.13 10:24:42.385,8.99592,8.99712,1.00,1.00
2017.04.13 10:24:43.047,8.99596,8.99718,1.00,1.00
2017.04.13 10:24:44.051,8.99595,8.99717,1.00,1.00
2017.04.13 10:24:46.117,8.9961,8.99732,1.00,1.00
2017.04.13 10:24:46.400,8.99592,8.99715,1.00,1.00
2017.04.13 10:24:47.401,8.99595,8.99717,1.00,1.00
2017.04.13 10:24:48.366,8.99598,8.99721,1.00,1.00
2017.04.13 10:24:52.427,8.99601,8.99724,1.00,1.00
2017.04.13 10:24:56.058,8.99592,8.99715,1.00,1.00
2017.04.13 10:24:56.998,8.99588,8.99711,1.00,1.00
2017.04.13 10:24:58.154,8.99601,8.99724,1.00,1.00
2017.04.13 10:24:58.538,8.99593,8.99716,1.00,1.00
2017.04.13 10:24:58.992,8.99598,8.99721,1.00,1.00
2017.04.13 10:24:59.838,8.99591,8.99714,1.00,1.00
2017.04.13 10:25:01.288,8.99587,8.9971,1.00,1.00
2017.04.13 10:25:02.881,8.99582,8.99705,1.00,1.00
2017.04.13 10:25:03.219,8.99577,8.997,1.00,1.00
2017.04.13 10:25:03.931,8.99581,8.99704,1.00,1.00
2017.04.13 10:25:07.712,8.99583,8.99706,1.00,1.00
2017.04.13 10:25:12.444,8.99584,8.99707,1.00,1.00
2017.04.13 10:25:13.447,8.99586,8.99708,1.00,1.00
2017.04.13 10:25:16.595,8.99579,8.99702,1.00,1.00
2017.04.13 10:25:17.955,8.99583,8.99706,1.00,1.00
2017.04.13 10:25:21.308,8.99593,8.99714,1.00,1.00
2017.04.13 10:25:21.410,8.99597,8.9972,1.00,1.00
