2017.02.07 12:00:00.416,8.88822,8.88983,1.00,1.12
2017.02.07 12:00:00.817,8.88822,8.88983,1.00,1.12
2017.02.07 12:00:00.974,8.88806,8.88967,1.00,1.12
2017.02.07 12:00:01.480,8.88812,8.88972,1.00,1.12
2017.02.07 12:00:01.864,8.888,8.88941,1.00,1.12
2017.02.07 12:00:01.965,8.8879,8.8895,1.00,1.12
2017.02.07 12:00:02.016,8.88798,8.88958,1.00,1.12
2017.02.07 12:00:02.067,8.88786,8.88946,1.00,1.12
2017.02.07 12:00:02.849,8.88782,8.88939,1.00,1.12
2017.02.07 12:00:03.348,8.88782,8.88939,1.00,1.12
2017.02.07 12:00:03.707,8.88774,8.88931,1.00,1.12
2017.02.07 12:00:03.758,8.88767,8.88924,1.50,1.12
2017.02.07 12:00:04.328,8.88767,8.88911,1.00,1.00
2017.02.07 12:00:04.581,8.88747,8.889,1.00,1.00
2017.02.07 12:00:04.884,8.88747,8.889,1.00,1.12
2017.02.07 12:00:05.187,8.88771,8.88924,1.00,1.50
2017.02.07 12:00:05.450,8.88764,8.88919,1.00,1.50
2017.02.07 12:00:05.609,8.88753,8.88908,1.00,1.12
2017.02.07 12:00:05.869,8.88763,8.88918,1.00,1.50
2017.02.07 12:00:06.071,8.88764,8.88919,1.00,1.12
2017.02.07 12:00:06.122,8.88753,8.88908,1.00,1.12
2017.02.07 12:00:06.808,8.88763,8.88917,1.00,1.12
2017.02.07 12:00:07.136,8.8878,8.88933,1.00,1.12
2017.02.07 12:00:07.288,8.88792,8.88945,1.00,1.12
2017.02.07 12:00:07.389,8.88778,8.88931,1.00,1.12
2017.02.07 12:00:07.440,8.8879,8.88922,1.00,1.16
2017.02.07 12:00:07.491,8.88781,8.8893,1.00,1.12
2017.02.07 12:00:08.201,8.88781,8.8893,1.00,1.12
2017.02.07 12:00:08.508,8.88784,8.88935,1.00,1.12
2017.02.07 12:00:08.858,8.88784,8.88935,1.00,1.12
2017.02.07 12:00:09.641,8.88795,8.88946,1.00,1.12
2017.02.07 12:00:10.653,8.88793,8.88945,1.00,1.12
2017.02.07 12:00:10.882,8.88803,8.88955,1.00,1.12
2017.02.07 12:00:11.085,8.88811,8.88963,1.00,1.12
2017.02.07 12:00:11.678,8.88803,8.88953,1.00,1.12
2017.02.07 12:00:11.779,8.88792,8.88944,1.00,1.12
2017.02.07 12:00:12.082,8.88799,8.8895,1.00,1.12
2017.02.07 12:00:13.039,8.88802,8.88954,1.00,1.12
2017.02.07 12:00:13.764,8.88802,8.88954,1.00,1.12
2017.02.07 12:00:14.413,8.88799,8.88949,1.00,1.12
2017.02.07 12:00:14.831,8.88799,8.88949,1.00,1.12
2017.02.07 12:00:15.417,8.88796,8.88948,1.00,1.12
2017.02.07 12:00:16.753,8.88792,8.88942,1.00,1.12
2017.02.07 12:00:16.804,8.88786,8.88937,1.00,1.12
2017.02.07 12:00:17.079,8.88784,8.88932,1.00,1.12
2017.02.07 12:00:21.261,8.8878,8.88951,1.00,1.37
2017.02.07 12:00:21.312,8.88807,8.88953,1.00,1.37
2017.02.07 12:00:21.514,8.88817,8.88964,1.00,1.12
2017.02.07 12:00:22.351,8.88816,8.88961,1.00,1.00
2017.02.07 12:00:23.067,8.88811,8.88956,1.00,1.00
2017.02.07 12:00:23.118,8.88804,8.8895,1.00,1.00
2017.02.07 12:00:23.320,8.88797,8.8895,1.00,1.00
2017.02.07 12:00:23.371,8.88797,8.88914,1.00,1.00
2017.02.07 12:00:23.595,8.88779,8.88924,1.00,1.37
2017.02.07 12:00:24.349,8.88774,8.8892,1.00,1.37
2017.02.07 12:00:24.784,8.88774,8.8892,1.00,1.37
2017.02.07 12:00:26.053,8.88779,8.88925,1.00,1.37
2017.02.07 12:00:26.626,8.88773,8.88918,1.00,1.37
2017.02.07 12:00:26.917,8.88778,8.88923,1.00,1.37
2017.02.07 12:00:27.068,8.88772,8.88917,1.00,1.37
2017.02.07 12:00:27.617,8.88766,8.88911,1.00,1.37
2017.02.07 12:00:28.538,8.88783,8.88928,1.00,1.37
2017.02.07 12:00:28.690,8.88789,8.88932,1.00,1.37
2017.02.07 12:00:31.606,8.88781,8.8893,1.00,1.37
2017.02.07 12:00:31.707,8.88786,8.88918,1.00,1.37
2017.02.07 12:00:31.758,8.88776,8.88908,1.00,1.00
2017.02.07 12:00:32.776,8.88777,8.88909,1.00,1.00
2017.02.07 12:00:32.827,8.88777,8.88909,1.00,1.37
2017.02.07 12:00:33.486,8.88774,8.88904,1.00,1.37
2017.02.07 12:00:33.537,8.88778,8.8891,1.00,1.37
2017.02.07 12:00:33.884,8.88772,8.88904,1.00,1.37
2017.02.07 12:00:36.795,8.88777,8.88909,1.00,1.37
2017.02.07 12:00:37.047,8.8877,8.88902,1.00,1.37
2017.02.07 12:00:37.316,8.8877,8.88902,1.00,1.00
2017.02.07 12:00:38.222,8.88765,8.88897,1.00,1.00
2017.02.07 12:00:38.770,8.88761,8.88893,1.00,1.00
2017.02.07 12:00:39.631,8.88761,8.88893,1.00,1.37
2017.02.07 12:00:41.944,8.88768,8.88899,1.00,1.37
2017.02.07 12:00:41.995,8.88763,8.88894,1.00,1.37
2017.02.07 12:00:43.093,8.88763,8.88894,1.00,1.00
2017.02.07 12:00:43.295,8.88771,8.88903,1.00,1.00
2017.02.07 12:00:43.396,8.88771,8.88903,1.00,1.37
2017.02.07 12:00:44.634,8.88771,8.88903,1.00,1.37
2017.02.07 12:00:45.195,8.88772,8.88904,1.00,1.37
2017.02.07 12:00:45.523,8.88785,8.88916,1.00,1.75
2017.02.07 12:00:45.804,8.88785,8.88916,1.00,1.50
2017.02.07 12:00:46.465,8.88781,8.88912,1.00,1.37
2017.02.07 12:00:46.616,8.88781,8.88912,1.00,1.00
2017.02.07 12:00:46.718,8.88792,8.88923,1.00,1.00
2017.02.07 12:00:51.252,8.88797,8.88928,1.00,1.37
2017.02.07 12:00:51.303,8.88802,8.88933,1.00,1.00
2017.02.07 12:00:51.846,8.88796,8.88927,1.00,1.00
2017.02.07 12:00:52.944,8.88797,8.88929,1.00,1.00
2017.02.07 12:00:54.646,8.88831,8.88962,1.00,1.37
2017.02.07 12:00:54.747,8.88831,8.88962,1.00,1.00
2017.02.07 12:00:55.616,8.88824,8.88955,1.00,1.00
2017.02.07 12:00:55.926,8.88824,8.88955,1.00,1.37
2017.02.07 12:00:55.977,8.88817,8.88949,1.00,1.37
2017.02.07 12:00:56.636,8.88807,8.88957,1.00,1.37
2017.02.07 12:00:59.556,8.88806,8.88957,1.00,1.37
2017.02.07 12:01:00.547,8.88809,8.88959,1.00,1.37
2017.02.07 12:01:01.039,8.888,8.88951,1.00,1.37
2017.02.07 12:01:01.191,8.88805,8.88938,1.00,1.00
2017.02.07 12:01:02.197,8.88798,8.88945,1.00,1.00
2017.02.07 12:01:03.162,8.88793,8.8894,1.00,1.00
2017.02.07 12:01:04.941,8.88788,8.88935,1.00,1.00
2017.02.07 12:01:07.107,8.8879,8.88936,1.00,1.00
2017.02.07 12:01:07.469,8.88794,8.8894,1.00,1.12
2017.02.07 12:01:07.773,8.88757,8.88902,1.00,1.75
2017.02.07 12:01:07.823,8.88757,8.88902,1.00,1.12
2017.02.07 12:01:07.975,8.88737,8.88909,1.00,1.37
2017.02.07 12:01:08.026,8.88742,8.88876,1.00,1.00
2017.02.07 12:01:08.355,8.88739,8.88871,1.00,1.00
2017.02.07 12:01:09.040,8.8873,8.88862,1.00,1.00
2017.02.07 12:01:09.365,8.88717,8.88849,1.00,1.00
2017.02.07 12:01:09.869,8.88711,8.88843,1.00,1.00
2017.02.07 12:01:10.541,8.88708,8.88841,1.00,1.00
2017.02.07 12:01:11.263,8.88708,8.88862,1.00,1.00
2017.02.07 12:01:11.314,8.88708,8.8887,1.00,1.00
2017.02.07 12:01:11.495,8.88708,8.88861,1.00,1.00
2017.02.07 12:01:11.836,8.88708,8.88826,1.00,1.00
2017.02.07 12:01:12.693,8.88708,8.88822,1.00,1.00
2017.02.07 12:01:13.328,8.88708,8.88816,1.00,1.00
2017.02.07 12:01:13.979,8.88708,8.88831,1.00,1.00
2017.02.07 12:01:14.030,8.88708,8.8884,1.00,1.00
2017.02.07 12:01:15.020,8.88708,8.88836,1.00,1.00
2017.02.07 12:01:16.328,8.88708,8.88843,1.00,1.00
2017.02.07 12:01:16.489,8.88708,8.8884,1.00,1.00
2017.02.07 12:01:16.792,8.88708,8.88819,1.00,1.00
2017.02.07 12:01:17.638,8.88708,8.88818,1.00,1.00
2017.02.07 12:01:18.641,8.88708,8.88822,1.00,1.00
2017.02.07 12:01:19.031,8.88708,8.88817,1.00,1.00
2017.02.07 12:01:19.133,8.88708,8.88831,1.00,1.00
2017.02.07 12:01:19.289,8.88708,8.88821,1.00,1.00
2017.02.07 12:01:20.317,8.88708,8.88811,1.00,1.00
2017.02.07 12:01:21.010,8.88688,8.88806,1.00,1.00
2017.02.07 12:01:21.061,8.88673,8.88806,1.00,1.00
2017.02.07 12:01:21.212,8.88673,8.888,1.00,1.00
2017.02.07 12:01:21.515,8.88673,8.88783,1.00,1.00
2017.02.07 12:01:24.721,8.88673,8.88778,1.00,1.00
2017.02.07 12:01:25.026,8.8864,8.88772,1.00,1.00
2017.02.07 12:01:25.306,8.8864,8.88763,1.00,1.00
2017.02.07 12:01:25.525,8.8864,8.8877,1.00,1.00
2017.02.07 12:01:25.855,8.8864,8.88749,1.00,1.00
2017.02.07 12:01:26.115,8.88619,8.88752,1.00,1.00
2017.02.07 12:01:26.166,8.88597,8.88737,1.00,1.00
2017.02.07 12:01:26.519,8.88653,8.88771,1.00,1.00
2017.02.07 12:01:26.823,8.88701,8.88817,1.00,1.00
2017.02.07 12:01:27.612,8.8875,8.88867,1.00,1.00
2017.02.07 12:01:27.810,8.88791,8.88909,1.00,1.00
2017.02.07 12:01:28.611,8.88824,8.88942,1.00,1.00
2017.02.07 12:01:28.922,8.88877,8.88994,1.00,1.00
2017.02.07 12:01:28.973,8.88887,8.89005,1.00,1.00
2017.02.07 12:01:29.074,8.88907,8.89025,1.00,1.00
2017.02.07 12:01:29.712,8.88918,8.89035,1.00,1.00
2017.02.07 12:01:30.014,8.88921,8.89035,1.00,1.00
2017.02.07 12:01:30.568,8.88921,8.89035,1.00,1.37
2017.02.07 12:01:31.548,8.88905,8.89023,1.00,1.12
2017.02.07 12:01:31.751,8.88905,8.89023,1.00,1.37
2017.02.07 12:01:32.959,8.88893,8.89003,1.00,1.37
2017.02.07 12:01:33.262,8.88904,8.89022,1.00,1.37
2017.02.07 12:01:33.865,8.88909,8.89027,1.00,1.37
2017.02.07 12:01:34.019,8.88898,8.89016,1.00,1.37
2017.02.07 12:01:34.130,8.88898,8.89016,1.00,1.37
2017.02.07 12:01:34.231,8.88893,8.89005,1.00,1.37
2017.02.07 12:01:34.403,8.889,8.89018,1.00,1.37
2017.02.07 12:01:34.796,8.88907,8.89025,1.00,1.37
2017.02.07 12:01:35.062,8.88897,8.89014,1.00,1.37
2017.02.07 12:01:35.254,8.88892,8.89007,1.00,1.37
2017.02.07 12:01:35.406,8.88896,8.89014,1.00,1.37
2017.02.07 12:01:35.457,8.88892,8.89007,1.00,1.37
2017.02.07 12:01:35.558,8.88892,8.89007,1.00,1.37
2017.02.07 12:01:36.713,8.88876,8.88994,1.00,1.37
2017.02.07 12:01:37.134,8.88877,8.88992,1.00,1.37
2017.02.07 12:01:37.238,8.88869,8.88985,1.00,1.37
2017.02.07 12:01:37.897,8.88864,8.88973,1.00,1.37
2017.02.07 12:01:38.836,8.88864,8.88973,1.00,1.37
2017.02.07 12:01:39.293,8.88864,8.88966,1.00,1.00
2017.02.07 12:01:39.903,8.88864,8.88981,1.50,1.37
2017.02.07 12:01:40.289,8.88864,8.88971,1.00,1.37
2017.02.07 12:01:41.486,8.88864,8.8897,1.00,1.00
2017.02.07 12:01:42.391,8.88864,8.88965,1.00,1.00
2017.02.07 12:01:42.594,8.88833,8.8895,1.00,1.37
2017.02.07 12:01:42.871,8.88823,8.8894,1.00,1.00
2017.02.07 12:01:43.095,8.88821,8.8894,1.00,1.00
2017.02.07 12:01:43.937,8.88822,8.8894,1.00,1.00
2017.02.07 12:01:43.988,8.88814,8.88933,1.00,1.00
2017.02.07 12:01:44.089,8.88813,8.88923,1.00,1.37
2017.02.07 12:01:44.392,8.88813,8.88924,1.00,1.37
2017.02.07 12:01:45.355,8.88813,8.88925,1.00,1.37
2017.02.07 12:01:46.264,8.88802,8.88921,1.00,1.37
2017.02.07 12:01:46.498,8.88802,8.88921,1.00,1.37
2017.02.07 12:01:47.259,8.88797,8.88915,1.00,1.37
2017.02.07 12:01:48.195,8.88801,8.88919,1.00,1.37
2017.02.07 12:01:50.536,8.88802,8.8892,1.00,1.37
2017.02.07 12:01:54.039,8.88808,8.88927,1.00,1.37
2017.02.07 12:01:54.361,8.88817,8.88935,1.00,1.37
2017.02.07 12:01:54.840,8.88811,8.88929,1.00,1.37
2017.02.07 12:01:55.403,8.88811,8.88929,1.00,1.00
2017.02.07 12:01:55.661,8.88816,8.88929,1.00,1.00
2017.02.07 12:01:55.957,8.88821,8.88939,1.00,1.12
2017.02.07 12:01:57.035,8.88818,8.88935,1.00,1.00
2017.02.07 12:01:57.339,8.88838,8.88956,1.00,1.00
2017.02.07 12:01:57.972,8.88846,8.88956,1.00,1.00
2017.02.07 12:01:58.225,8.88849,8.88967,1.00,1.00
2017.02.07 12:01:58.518,8.88849,8.88967,1.00,1.37
2017.02.07 12:01:58.822,8.88871,8.8899,1.00,1.37
2017.02.07 12:01:59.157,8.88893,8.89011,1.00,1.37
2017.02.07 12:01:59.461,8.88893,8.89011,1.00,1.37
2017.02.07 12:01:59.563,8.88909,8.89028,1.00,1.00
2017.02.07 12:01:59.614,8.8893,8.89048,1.00,1.00
2017.02.07 12:01:59.868,8.88973,8.89092,1.00,1.00
2017.02.07 12:02:00.094,8.88986,8.89105,1.00,1.37
2017.02.07 12:02:00.814,8.88966,8.89085,1.00,1.00
2017.02.07 12:02:02.285,8.88961,8.89079,1.00,1.00
2017.02.07 12:02:03.287,8.88976,8.89095,1.00,1.00
2017.02.07 12:02:03.388,8.88971,8.89089,1.00,1.00
2017.02.07 12:02:03.691,8.88943,8.89062,1.00,1.00
2017.02.07 12:02:03.873,8.88956,8.89074,1.00,1.00
2017.02.07 12:02:04.719,8.88957,8.89072,1.00,1.00
2017.02.07 12:02:05.520,8.88937,8.89055,1.00,1.00
2017.02.07 12:02:05.571,8.88931,8.89048,1.00,1.00
2017.02.07 12:02:05.874,8.88933,8.89049,1.00,1.00
2017.02.07 12:02:06.386,8.88941,8.89058,1.00,1.00
2017.02.07 12:02:07.350,8.88939,8.89057,1.00,1.00
2017.02.07 12:02:07.920,8.88934,8.89051,1.00,1.00
2017.02.07 12:02:08.280,8.88939,8.89057,1.00,1.00
2017.02.07 12:02:09.259,8.88942,8.8906,1.00,1.00
2017.02.07 12:02:10.358,8.88944,8.89062,1.00,1.00
2017.02.07 12:02:10.758,8.88948,8.89065,1.00,1.00
2017.02.07 12:02:11.323,8.88948,8.89065,1.37,1.00
2017.02.07 12:02:11.403,8.88953,8.89069,1.37,1.00
2017.02.07 12:02:12.245,8.88946,8.89062,1.37,1.00
2017.02.07 12:02:15.243,8.88947,8.89065,1.37,1.00
2017.02.07 12:02:17.317,8.88952,8.89069,1.37,1.00
2017.02.07 12:02:19.084,8.88956,8.89074,1.37,1.00
2017.02.07 12:02:19.649,8.88962,8.8908,1.37,1.00
2017.02.07 12:02:20.601,8.88959,8.89077,1.37,1.00
2017.02.07 12:02:20.934,8.88954,8.89072,1.37,1.00
2017.02.07 12:02:21.118,8.88954,8.89072,1.00,1.00
2017.02.07 12:02:21.200,8.88963,8.8908,1.00,1.00
2017.02.07 12:02:22.220,8.88963,8.8908,1.37,1.00
2017.02.07 12:02:22.270,8.88966,8.89084,1.00,1.00
2017.02.07 12:02:24.641,8.88961,8.89079,1.37,1.00
2017.02.07 12:02:24.692,8.88966,8.89084,1.00,1.00
2017.02.07 12:02:25.610,8.88961,8.89079,1.37,1.00
2017.02.07 12:02:28.106,8.88966,8.89084,1.00,1.00
2017.02.07 12:02:28.157,8.8898,8.89098,1.00,1.00
2017.02.07 12:02:29.294,8.88975,8.89093,1.00,1.00
2017.02.07 12:02:29.599,8.88971,8.89089,1.00,1.00
2017.02.07 12:02:30.309,8.88964,8.89082,1.37,1.00
2017.02.07 12:02:31.310,8.88963,8.89081,1.37,1.00
2017.02.07 12:02:32.280,8.8896,8.89078,1.37,1.00
2017.02.07 12:02:32.534,8.8896,8.89078,1.00,1.00
2017.02.07 12:02:33.312,8.88957,8.89074,1.00,1.00
2017.02.07 12:02:33.845,8.88957,8.89074,1.37,1.00
2017.02.07 12:02:38.066,8.88962,8.8908,1.37,1.00
2017.02.07 12:02:38.167,8.88975,8.89093,1.00,1.00
2017.02.07 12:02:38.470,8.88964,8.89082,1.37,1.00
2017.02.07 12:02:39.154,8.88964,8.89082,1.00,1.00
2017.02.07 12:02:39.645,8.88958,8.89076,1.00,1.00
2017.02.07 12:02:40.361,8.88959,8.89077,1.00,1.00
2017.02.07 12:02:42.180,8.88959,8.89077,1.37,1.00
2017.02.07 12:02:43.218,8.88957,8.89071,1.37,1.00
2017.02.07 12:02:45.324,8.88957,8.89068,1.37,1.00
2017.02.07 12:02:45.652,8.88957,8.89073,1.37,1.00
2017.02.07 12:02:46.068,8.88962,8.8908,1.37,1.00
2017.02.07 12:02:46.169,8.88983,8.89101,1.00,1.00
2017.02.07 12:02:46.372,8.88974,8.89091,1.00,1.00
2017.02.07 12:02:46.675,8.88966,8.89084,1.00,1.00
2017.02.07 12:02:47.062,8.88974,8.89091,1.00,1.00
2017.02.07 12:02:47.114,8.88985,8.89103,1.00,1.00
2017.02.07 12:02:47.215,8.88977,8.89095,1.00,1.00
2017.02.07 12:02:47.538,8.88977,8.89095,1.37,1.00
2017.02.07 12:02:48.188,8.88974,8.89092,1.37,1.00
2017.02.07 12:02:49.146,8.88974,8.89092,1.00,1.00
2017.02.07 12:02:49.618,8.88978,8.89096,1.00,1.00
2017.02.07 12:02:50.785,8.88967,8.89085,1.37,1.00
2017.02.07 12:02:50.836,8.88972,8.89088,1.37,1.00
2017.02.07 12:02:50.937,8.88982,8.891,1.00,1.00
2017.02.07 12:02:51.849,8.88985,8.89103,1.00,1.00
2017.02.07 12:02:52.165,8.88968,8.89085,1.37,1.00
2017.02.07 12:02:52.550,8.88968,8.89085,1.00,1.00
2017.02.07 12:02:53.027,8.88972,8.8909,1.00,1.00
2017.02.07 12:02:53.369,8.88976,8.89094,1.00,1.00
2017.02.07 12:02:53.681,8.88967,8.89085,1.00,1.00
2017.02.07 12:02:54.035,8.88978,8.89095,1.00,1.00
2017.02.07 12:02:54.634,8.88971,8.89089,1.00,1.00
2017.02.07 12:02:54.949,8.88977,8.89095,1.00,1.00
2017.02.07 12:02:56.552,8.88972,8.89088,1.00,1.00
2017.02.07 12:02:57.152,8.88981,8.89099,1.00,1.00
2017.02.07 12:02:57.435,8.88968,8.89086,1.00,1.00
2017.02.07 12:03:00.388,8.88969,8.89086,1.00,1.00
2017.02.07 12:03:00.978,8.88964,8.89079,1.00,1.00
2017.02.07 12:03:02.054,8.88971,8.89089,1.00,1.00
2017.02.07 12:03:02.225,8.88976,8.89094,1.00,1.00
2017.02.07 12:03:02.686,8.88968,8.89086,1.00,1.00
2017.02.07 12:03:03.061,8.88964,8.89081,1.00,1.00
2017.02.07 12:03:04.891,8.88964,8.89069,1.00,1.00
2017.02.07 12:03:05.723,8.88964,8.89065,1.00,1.00
2017.02.07 12:03:07.345,8.88964,8.89069,1.00,1.00
2017.02.07 12:03:09.008,8.88951,8.89069,1.00,1.00
2017.02.07 12:03:10.421,8.88948,8.89065,1.00,1.00
2017.02.07 12:03:10.988,8.88938,8.89055,1.29,1.00
2017.02.07 12:03:11.863,8.88938,8.89053,1.29,1.00
2017.02.07 12:03:12.852,8.88938,8.89049,1.29,1.00
2017.02.07 12:03:13.773,8.88938,8.89049,1.00,1.00
2017.02.07 12:03:18.279,8.8894,8.89071,1.00,1.00
2017.02.07 12:03:22.375,8.88942,8.89074,1.00,1.00
2017.02.07 12:03:24.770,8.88938,8.89051,1.00,1.00
2017.02.07 12:03:24.820,8.88923,8.89044,1.00,1.00
2017.02.07 12:03:25.022,8.88923,8.89033,1.00,1.00
2017.02.07 12:03:25.124,8.88905,8.89037,1.00,1.00
2017.02.07 12:03:25.272,8.88902,8.89008,1.00,1.00
2017.02.07 12:03:25.325,8.8888,8.89008,1.00,1.00
2017.02.07 12:03:25.476,8.88894,8.89026,1.00,1.00
2017.02.07 12:03:26.457,8.88887,8.89019,1.00,1.00
2017.02.07 12:03:26.768,8.88893,8.89025,1.00,1.00
2017.02.07 12:03:27.319,8.88887,8.89019,1.00,1.00
2017.02.07 12:03:28.512,8.88893,8.89025,1.00,1.00
2017.02.07 12:03:30.819,8.88894,8.89026,1.00,1.00
2017.02.07 12:03:32.516,8.88892,8.89024,1.00,1.00
2017.02.07 12:03:40.026,8.88887,8.89018,1.00,1.00
2017.02.07 12:03:40.611,8.8888,8.89011,1.50,1.00
2017.02.07 12:03:41.201,8.8888,8.8901,1.00,1.00
2017.02.07 12:03:41.934,8.88878,8.8901,1.00,1.00
2017.02.07 12:03:42.214,8.88883,8.89015,1.00,1.00
2017.02.07 12:03:43.188,8.8888,8.89012,1.00,1.00
2017.02.07 12:03:43.613,8.88875,8.89007,1.00,1.00
2017.02.07 12:03:44.322,8.88876,8.89007,1.00,1.00
2017.02.07 12:03:45.421,8.88878,8.89009,1.00,1.00
2017.02.07 12:03:47.496,8.88879,8.89011,1.00,1.00
2017.02.07 12:03:47.951,8.88884,8.89015,1.00,1.00
2017.02.07 12:03:48.515,8.88879,8.8901,1.00,1.00
2017.02.07 12:03:48.941,8.88887,8.89018,1.00,1.00
2017.02.07 12:03:49.716,8.88877,8.89008,1.00,1.00
2017.02.07 12:03:50.109,8.88872,8.89003,1.00,1.00
2017.02.07 12:03:50.593,8.88877,8.89006,1.00,1.00
2017.02.07 12:03:51.466,8.8888,8.89011,1.00,1.00
2017.02.07 12:03:51.644,8.88874,8.89005,1.00,1.00
2017.02.07 12:03:52.634,8.88875,8.89006,1.00,1.00
2017.02.07 12:03:53.565,8.88884,8.89015,1.00,1.00
2017.02.07 12:03:53.616,8.88878,8.8901,1.00,1.00
2017.02.07 12:03:55.699,8.88889,8.8902,1.00,1.00
2017.02.07 12:03:56.039,8.88876,8.89007,1.00,1.00
2017.02.07 12:03:56.828,8.8888,8.89011,1.00,1.00
2017.02.07 12:03:57.831,8.88881,8.89012,1.00,1.00
2017.02.07 12:03:58.799,8.8888,8.89012,1.00,1.00
2017.02.07 12:03:58.855,8.88875,8.89008,1.00,1.00
2017.02.07 12:03:59.905,8.88875,8.89006,1.00,1.00
2017.02.07 12:04:00.949,8.88873,8.89006,1.00,1.00
2017.02.07 12:04:01.077,8.88858,8.88991,1.00,1.00
2017.02.07 12:04:02.555,8.88868,8.89,1.00,1.00
2017.02.07 12:04:04.364,8.88849,8.89001,1.00,1.00
2017.02.07 12:04:04.465,8.8884,8.88961,1.00,1.00
2017.02.07 12:04:04.516,8.88828,8.88961,1.00,1.00
2017.02.07 12:04:04.618,8.88818,8.88949,1.00,1.00
2017.02.07 12:04:04.771,8.88815,8.88948,1.00,1.00
2017.02.07 12:04:04.872,8.88824,8.88957,1.00,1.00
2017.02.07 12:04:06.327,8.88833,8.88995,1.00,1.00
2017.02.07 12:04:06.378,8.88826,8.88958,1.00,1.00
2017.02.07 12:04:07.343,8.8881,8.88957,1.00,1.00
2017.02.07 12:04:07.394,8.88813,8.88993,1.00,1.00
2017.02.07 12:04:07.445,8.88798,8.88958,1.00,1.00
2017.02.07 12:04:07.748,8.88802,8.88948,1.00,1.00
2017.02.07 12:04:08.051,8.88789,8.88922,1.00,1.00
2017.02.07 12:04:08.391,8.88807,8.88938,1.00,1.00
2017.02.07 12:04:08.492,8.88796,8.88928,1.00,1.00
2017.02.07 12:04:09.476,8.88794,8.88924,1.00,1.00
2017.02.07 12:04:09.614,8.88798,8.8893,1.00,1.00
2017.02.07 12:04:09.664,8.88807,8.88939,1.00,1.00
2017.02.07 12:04:10.402,8.88816,8.88948,1.00,1.00
2017.02.07 12:04:10.796,8.8882,8.88952,1.00,1.00
2017.02.07 12:04:11.228,8.88812,8.88944,1.00,1.00
2017.02.07 12:04:11.799,8.88813,8.88944,1.00,1.00
2017.02.07 12:04:12.060,8.88799,8.88935,1.00,1.00
2017.02.07 12:04:13.013,8.88799,8.88933,1.00,1.00
2017.02.07 12:04:13.787,8.88805,8.88941,1.00,1.00
2017.02.07 12:04:13.939,8.88799,8.8893,1.00,1.00
2017.02.07 12:04:14.280,8.88799,8.8892,1.00,1.00
2017.02.07 12:04:15.222,8.88799,8.88919,1.00,1.00
2017.02.07 12:04:15.880,8.88799,8.88934,1.00,1.00
2017.02.07 12:04:16.208,8.88799,8.8893,1.00,1.00
2017.02.07 12:04:16.511,8.88803,8.8894,1.00,1.00
2017.02.07 12:04:16.788,8.88799,8.88931,1.00,1.00
2017.02.07 12:04:17.238,8.88799,8.88922,1.00,1.00
2017.02.07 12:04:18.627,8.88799,8.88918,1.00,1.00
2017.02.07 12:04:20.172,8.88799,8.8893,1.00,1.00
2017.02.07 12:04:20.697,8.88799,8.88929,1.00,1.00
2017.02.07 12:04:20.766,8.88799,8.8892,1.00,1.00
2017.02.07 12:04:21.766,8.88799,8.88919,1.00,1.00
2017.02.07 12:04:22.053,8.88799,8.88923,1.00,1.00
2017.02.07 12:04:22.170,8.88799,8.88935,1.00,1.00
2017.02.07 12:04:22.494,8.88813,8.88942,1.00,1.00
2017.02.07 12:04:22.977,8.88803,8.88932,1.00,1.00
2017.02.07 12:04:23.129,8.88795,8.88926,1.00,1.00
2017.02.07 12:04:23.180,8.88777,8.88924,1.00,1.00
2017.02.07 12:04:24.129,8.88772,8.88919,1.00,1.00
2017.02.07 12:04:24.698,8.88777,8.88924,1.00,1.00
2017.02.07 12:04:25.040,8.88781,8.88928,1.00,1.00
2017.02.07 12:04:25.378,8.88769,8.88916,1.00,1.00
2017.02.07 12:04:26.742,8.88777,8.88924,1.00,1.00
2017.02.07 12:04:27.045,8.88792,8.88939,1.00,1.00
2017.02.07 12:04:27.420,8.88785,8.88932,1.00,1.00
2017.02.07 12:04:27.762,8.88779,8.88925,1.00,1.00
2017.02.07 12:04:27.961,8.88773,8.8892,1.00,1.00
2017.02.07 12:04:28.690,8.88767,8.88914,1.00,1.00
2017.02.07 12:04:28.993,8.8877,8.88917,1.00,1.00
2017.02.07 12:04:29.395,8.88761,8.88908,1.00,1.00
2017.02.07 12:04:29.696,8.88753,8.889,1.00,1.00
2017.02.07 12:04:30.664,8.88752,8.88899,1.00,1.00
2017.02.07 12:04:32.585,8.88752,8.88898,1.00,1.00
2017.02.07 12:04:33.783,8.88747,8.88894,1.00,1.00
2017.02.07 12:04:33.833,8.88753,8.88899,1.00,1.00
2017.02.07 12:04:37.464,8.88763,8.88909,1.00,1.00
2017.02.07 12:04:37.770,8.8878,8.88911,1.00,1.00
2017.02.07 12:04:37.872,8.88794,8.88926,1.00,1.00
2017.02.07 12:04:38.220,8.88784,8.88915,1.00,1.00
2017.02.07 12:04:38.534,8.88782,8.88913,1.00,1.00
2017.02.07 12:04:38.837,8.88772,8.88903,1.00,1.00
2017.02.07 12:04:39.181,8.88793,8.88924,1.00,1.00
2017.02.07 12:04:39.614,8.88789,8.8892,1.00,1.00
2017.02.07 12:04:39.788,8.88808,8.8896,1.00,1.00
2017.02.07 12:04:40.041,8.88799,8.88949,1.00,1.00
2017.02.07 12:04:40.344,8.88787,8.88939,1.00,1.00
2017.02.07 12:04:40.597,8.88786,8.88975,1.60,1.00
2017.02.07 12:04:40.821,8.88862,8.88987,1.00,1.00
2017.02.07 12:04:40.872,8.88864,8.89001,1.00,1.00
2017.02.07 12:04:41.078,8.88845,8.88987,1.00,1.00
2017.02.07 12:04:41.432,8.88867,8.89001,1.00,1.00
2017.02.07 12:04:41.708,8.88867,8.89012,1.00,1.00
2017.02.07 12:04:41.887,8.88877,8.89008,1.00,1.00
2017.02.07 12:04:42.039,8.88879,8.89013,1.00,1.00
2017.02.07 12:04:42.093,8.88879,8.89029,1.00,1.00
2017.02.07 12:04:42.144,8.88883,8.89014,1.00,1.00
2017.02.07 12:04:42.447,8.88899,8.8903,1.00,1.00
2017.02.07 12:04:42.833,8.88889,8.8902,1.00,1.00
2017.02.07 12:04:42.885,8.88873,8.89021,1.00,1.00
2017.02.07 12:04:42.986,8.88876,8.89005,1.00,1.00
2017.02.07 12:04:43.115,8.88866,8.89012,1.00,1.00
2017.02.07 12:04:43.217,8.88876,8.89005,1.00,1.00
2017.02.07 12:04:43.268,8.88882,8.8903,1.00,1.00
2017.02.07 12:04:44.012,8.88891,8.89022,1.00,1.00
2017.02.07 12:04:45.304,8.88882,8.89013,1.00,1.00
2017.02.07 12:04:45.607,8.88871,8.89002,1.00,1.00
2017.02.07 12:04:45.945,8.88879,8.8901,1.00,1.00
2017.02.07 12:04:46.508,8.88871,8.89002,1.00,1.00
2017.02.07 12:04:46.835,8.88878,8.89052,1.00,1.00
2017.02.07 12:04:46.886,8.88877,8.89041,1.00,1.00
2017.02.07 12:04:47.189,8.88909,8.89057,1.00,1.00
2017.02.07 12:04:47.511,8.88895,8.89043,1.00,1.00
2017.02.07 12:04:47.907,8.88911,8.89042,1.00,1.00
2017.02.07 12:04:47.958,8.88894,8.89029,1.00,1.00
2017.02.07 12:04:48.059,8.88888,8.89029,1.00,1.00
2017.02.07 12:04:48.110,8.88896,8.89044,1.00,1.00
2017.02.07 12:04:48.262,8.88914,8.89045,1.00,1.00
2017.02.07 12:04:49.170,8.88918,8.89049,1.00,1.00
2017.02.07 12:04:50.089,8.88924,8.89055,1.00,1.00
2017.02.07 12:04:51.420,8.88889,8.89016,1.00,1.00
2017.02.07 12:04:51.471,8.88885,8.89016,1.00,1.00
2017.02.07 12:04:51.522,8.88875,8.89006,1.00,1.00
2017.02.07 12:04:51.876,8.8886,8.88985,1.00,1.00
2017.02.07 12:04:52.393,8.88868,8.88999,1.00,1.00
2017.02.07 12:04:52.576,8.88889,8.8902,1.00,1.00
2017.02.07 12:04:55.389,8.88879,8.8901,1.00,1.00
2017.02.07 12:04:55.983,8.88864,8.89017,1.00,1.00
2017.02.07 12:04:56.033,8.88895,8.89026,1.00,1.00
2017.02.07 12:04:57.018,8.889,8.89031,1.00,1.00
2017.02.07 12:04:58.588,8.88886,8.89017,1.00,1.00
2017.02.07 12:04:58.904,8.88874,8.89005,1.00,1.00
2017.02.07 12:04:59.350,8.88883,8.89015,1.00,1.00
2017.02.07 12:05:00.570,8.88884,8.89015,1.00,1.00
2017.02.07 12:05:02.248,8.88879,8.89011,1.00,1.00
2017.02.07 12:05:02.974,8.88862,8.88994,1.00,1.00
2017.02.07 12:05:03.301,8.88868,8.89,1.00,1.00
2017.02.07 12:05:03.604,8.88887,8.89019,1.00,1.00
2017.02.07 12:05:03.936,8.88873,8.89005,1.00,1.00
2017.02.07 12:05:04.840,8.88871,8.89001,1.00,1.00
2017.02.07 12:05:05.173,8.88882,8.89011,1.00,1.00
2017.02.07 12:05:07.607,8.88863,8.88995,1.00,1.00
2017.02.07 12:05:07.771,8.88872,8.89004,1.00,1.00
2017.02.07 12:05:08.780,8.88869,8.89001,1.00,1.00
2017.02.07 12:05:09.121,8.88866,8.88998,1.00,1.00
2017.02.07 12:05:09.959,8.88865,8.88997,1.00,1.00
2017.02.07 12:05:10.399,8.88869,8.89001,1.00,1.00
2017.02.07 12:05:10.960,8.88863,8.88994,1.00,1.00
2017.02.07 12:05:11.380,8.88867,8.88999,1.00,1.00
2017.02.07 12:05:12.187,8.88868,8.88999,1.00,1.00
2017.02.07 12:05:15.584,8.88873,8.89004,1.00,1.00
2017.02.07 12:05:16.341,8.88878,8.89009,1.00,1.00
2017.02.07 12:05:16.645,8.88881,8.89012,1.00,1.00
2017.02.07 12:05:16.948,8.88871,8.89002,1.00,1.00
2017.02.07 12:05:17.268,8.88862,8.88993,1.00,1.00
2017.02.07 12:05:17.713,8.88848,8.88979,1.00,1.00
2017.02.07 12:05:18.334,8.88847,8.88978,1.00,1.00
2017.02.07 12:05:18.446,8.88857,8.88989,1.00,1.00
2017.02.07 12:05:18.809,8.88846,8.88977,1.00,1.00
2017.02.07 12:05:19.113,8.88853,8.88984,1.00,1.00
2017.02.07 12:05:19.428,8.88847,8.88979,1.00,1.00
2017.02.07 12:05:22.532,8.88852,8.88983,1.00,1.00
2017.02.07 12:05:22.968,8.88845,8.88976,1.00,1.00
2017.02.07 12:05:23.960,8.8884,8.88971,1.00,1.00
2017.02.07 12:05:26.605,8.88835,8.88966,1.00,1.00
2017.02.07 12:05:28.299,8.88839,8.8897,1.00,1.00
2017.02.07 12:05:28.629,8.88865,8.88996,1.00,1.00
2017.02.07 12:05:28.940,8.88848,8.88979,1.00,1.00
2017.02.07 12:05:29.527,8.88838,8.88969,1.00,1.00
2017.02.07 12:05:30.682,8.88837,8.88968,1.00,1.00
2017.02.07 12:05:32.706,8.88843,8.88972,1.00,1.00
2017.02.07 12:05:33.527,8.88847,8.88978,1.00,1.00
2017.02.07 12:05:33.782,8.88843,8.88974,1.00,1.00
2017.02.07 12:05:37.697,8.88843,8.88976,1.00,1.00
2017.02.07 12:05:37.870,8.88823,8.88956,1.00,1.00
2017.02.07 12:05:39.332,8.88815,8.88955,1.00,1.00
2017.02.07 12:05:39.434,8.88813,8.88956,1.00,1.00
2017.02.07 12:05:40.399,8.88806,8.88949,1.00,1.00
2017.02.07 12:05:40.702,8.88794,8.88937,1.00,1.00
2017.02.07 12:05:41.482,8.88798,8.88939,1.00,1.00
2017.02.07 12:05:42.245,8.88793,8.88936,1.00,1.00
2017.02.07 12:05:42.476,8.88788,8.88931,1.00,1.00
2017.02.07 12:05:42.874,8.88795,8.88938,1.00,1.00
2017.02.07 12:05:44.735,8.8879,8.88933,1.00,1.00
2017.02.07 12:05:45.064,8.88797,8.88939,1.00,1.00
2017.02.07 12:05:46.342,8.8879,8.8893,1.00,1.00
2017.02.07 12:05:46.659,8.88782,8.8892,1.00,1.00
2017.02.07 12:05:46.861,8.88768,8.88908,1.00,1.00
2017.02.07 12:05:47.435,8.88772,8.88913,1.00,1.00
2017.02.07 12:05:47.536,8.88758,8.88899,1.00,1.00
2017.02.07 12:05:47.840,8.88749,8.88889,1.00,1.00
2017.02.07 12:05:48.052,8.88738,8.88879,1.00,1.00
2017.02.07 12:05:48.875,8.88764,8.88904,1.00,1.00
2017.02.07 12:05:49.855,8.88768,8.88909,1.00,1.00
2017.02.07 12:05:50.322,8.88806,8.88947,1.00,1.00
2017.02.07 12:05:50.626,8.88778,8.88919,1.00,1.00
2017.02.07 12:05:52.652,8.88773,8.88914,1.00,1.00
2017.02.07 12:05:52.984,8.88781,8.88922,1.00,1.00
2017.02.07 12:05:54.919,8.88783,8.88924,1.00,1.00
2017.02.07 12:06:00.702,8.88783,8.88923,1.00,1.00
2017.02.07 12:06:05.445,8.88778,8.88919,1.00,1.00
2017.02.07 12:06:05.496,8.88767,8.88908,1.00,1.00
2017.02.07 12:06:05.806,8.88773,8.88914,1.00,1.00
2017.02.07 12:06:06.116,8.88752,8.88892,1.00,1.00
2017.02.07 12:06:06.870,8.88752,8.88893,1.00,1.00
2017.02.07 12:06:07.301,8.88787,8.88935,1.00,1.00
2017.02.07 12:06:07.352,8.88756,8.88897,1.00,1.00
2017.02.07 12:06:07.797,8.88776,8.88917,1.00,1.00
2017.02.07 12:06:08.147,8.88797,8.88938,1.00,1.00
2017.02.07 12:06:09.013,8.88783,8.88924,1.00,1.00
2017.02.07 12:06:09.763,8.88797,8.88938,1.00,1.00
2017.02.07 12:06:10.066,8.88832,8.88973,1.00,1.00
2017.02.07 12:06:11.026,8.88834,8.88975,1.00,1.00
2017.02.07 12:06:11.497,8.8883,8.88971,1.00,1.00
2017.02.07 12:06:12.307,8.88833,8.88972,1.00,1.00
2017.02.07 12:06:12.416,8.88818,8.88958,1.00,1.00
2017.02.07 12:06:13.142,8.88832,8.88973,1.00,1.00
2017.02.07 12:06:13.297,8.88822,8.88963,1.00,1.00
2017.02.07 12:06:13.617,8.8882,8.8896,1.00,1.00
2017.02.07 12:06:14.066,8.88813,8.88954,1.00,1.00
2017.02.07 12:06:15.722,8.88815,8.88954,1.00,1.00
2017.02.07 12:06:16.076,8.88822,8.88963,1.00,1.00
2017.02.07 12:06:16.224,8.88828,8.88969,1.00,1.00
2017.02.07 12:06:16.582,8.88837,8.88978,1.00,1.00
2017.02.07 12:06:17.614,8.88831,8.88972,1.00,1.00
2017.02.07 12:06:17.929,8.88837,8.88978,1.00,1.00
2017.02.07 12:06:20.002,8.88841,8.88982,1.00,1.00
2017.02.07 12:06:20.475,8.88837,8.88982,1.00,1.00
2017.02.07 12:06:20.527,8.88806,8.8896,1.00,1.00
2017.02.07 12:06:24.201,8.88806,8.88954,1.00,1.00
2017.02.07 12:06:25.837,8.88806,8.88957,1.00,1.00
2017.02.07 12:06:27.169,8.88806,8.88951,1.00,1.00
2017.02.07 12:06:27.605,8.88806,8.88957,1.00,1.00
2017.02.07 12:06:27.772,8.88809,8.88958,1.00,1.00
2017.02.07 12:06:30.753,8.88809,8.88959,1.00,1.00
2017.02.07 12:06:32.826,8.88809,8.88962,1.00,1.00
2017.02.07 12:06:33.052,8.88815,8.88969,1.00,1.00
2017.02.07 12:06:33.103,8.88848,8.89002,1.00,1.00
2017.02.07 12:06:33.529,8.88846,8.88982,1.00,1.00
2017.02.07 12:06:34.068,8.88846,8.88977,1.00,1.00
2017.02.07 12:06:37.766,8.88846,8.88984,1.00,1.00
2017.02.07 12:06:39.963,8.88854,8.89008,1.00,1.00
2017.02.07 12:06:40.166,8.88846,8.89,1.50,1.00
2017.02.07 12:06:40.469,8.88832,8.88986,1.00,1.00
2017.02.07 12:06:41.394,8.88825,8.88976,1.00,1.00
2017.02.07 12:06:41.495,8.88822,8.88976,1.00,1.00
2017.02.07 12:06:41.546,8.88815,8.88967,1.00,1.00
2017.02.07 12:06:41.597,8.88823,8.88977,1.00,1.00
2017.02.07 12:06:42.633,8.88815,8.88967,1.00,1.00
2017.02.07 12:06:42.944,8.88818,8.88972,1.00,1.00
2017.02.07 12:06:42.995,8.88826,8.88981,1.00,1.00
2017.02.07 12:06:43.201,8.88815,8.88967,1.00,1.00
2017.02.07 12:06:43.594,8.88815,8.88974,1.00,1.00
2017.02.07 12:06:43.645,8.88815,8.88967,1.00,1.00
2017.02.07 12:06:43.955,8.88815,8.88956,1.00,1.00
2017.02.07 12:06:44.107,8.88815,8.88982,1.00,1.00
2017.02.07 12:06:44.208,8.88823,8.88978,1.00,1.00
2017.02.07 12:06:45.124,8.88817,8.88971,1.00,1.00
2017.02.07 12:06:46.171,8.88816,8.8897,1.00,1.00
2017.02.07 12:06:47.855,8.88825,8.8898,1.00,1.00
2017.02.07 12:06:50.140,8.88815,8.88968,1.00,1.00
2017.02.07 12:06:50.365,8.88815,8.88974,1.00,1.00
2017.02.07 12:06:51.450,8.88815,8.8896,1.00,1.00
2017.02.07 12:06:51.652,8.88815,8.88969,1.00,1.00
2017.02.07 12:06:52.615,8.88815,8.88967,1.00,1.00
2017.02.07 12:06:52.775,8.8882,8.88975,1.00,1.00
2017.02.07 12:06:53.096,8.8883,8.88984,1.00,1.00
2017.02.07 12:06:53.164,8.88818,8.88973,1.00,1.00
2017.02.07 12:06:53.477,8.88815,8.88957,1.00,1.00
2017.02.07 12:06:53.528,8.88803,8.88957,1.00,1.00
2017.02.07 12:06:53.629,8.88813,8.88967,1.00,1.00
2017.02.07 12:06:54.058,8.8882,8.88974,1.00,1.00
2017.02.07 12:06:54.615,8.88824,8.88979,1.00,1.00
2017.02.07 12:06:55.871,8.88826,8.8898,1.00,1.00
2017.02.07 12:06:56.243,8.8882,8.88974,1.00,1.00
2017.02.07 12:06:56.707,8.8881,8.88964,1.00,1.00
2017.02.07 12:06:57.362,8.88816,8.8897,1.00,1.00
2017.02.07 12:06:57.706,8.88826,8.88976,1.00,1.00
2017.02.07 12:06:58.396,8.88826,8.88979,1.00,1.00
2017.02.07 12:06:58.792,8.88831,8.88986,1.00,1.00
2017.02.07 12:07:00.212,8.88826,8.88969,1.00,1.00
2017.02.07 12:07:00.526,8.88826,8.88964,1.00,1.00
2017.02.07 12:07:00.627,8.88802,8.88956,1.00,1.00
2017.02.07 12:07:01.263,8.88807,8.88961,1.00,1.00
2017.02.07 12:07:02.166,8.88803,8.88957,1.00,1.00
2017.02.07 12:07:02.484,8.88798,8.88952,1.00,1.00
2017.02.07 12:07:03.225,8.88795,8.88943,1.00,1.00
2017.02.07 12:07:03.579,8.88762,8.88907,1.00,1.00
2017.02.07 12:07:04.411,8.88762,8.88905,1.00,1.00
2017.02.07 12:07:05.424,8.88762,8.88907,1.00,1.00
2017.02.07 12:07:05.893,8.88762,8.88911,1.00,1.00
2017.02.07 12:07:05.994,8.88775,8.88929,1.00,1.00
2017.02.07 12:07:06.247,8.88762,8.88926,1.00,1.00
2017.02.07 12:07:06.695,8.88762,8.88911,1.00,1.00
2017.02.07 12:07:06.998,8.88762,8.88904,1.00,1.00
2017.02.07 12:07:07.438,8.88762,8.88911,1.00,1.00
2017.02.07 12:07:10.110,8.88762,8.88902,1.00,1.00
2017.02.07 12:07:10.442,8.88741,8.88895,1.00,1.00
2017.02.07 12:07:11.112,8.8873,8.88889,1.00,1.00
2017.02.07 12:07:12.098,8.8873,8.88885,1.00,1.00
2017.02.07 12:07:12.250,8.88698,8.88869,1.87,1.00
2017.02.07 12:07:12.351,8.88717,8.88872,1.00,1.00
2017.02.07 12:07:12.755,8.88707,8.88861,1.00,1.00
2017.02.07 12:07:14.221,8.88711,8.88863,1.00,1.00
2017.02.07 12:07:14.989,8.88711,8.88864,1.00,1.00
2017.02.07 12:07:15.990,8.88708,8.88862,1.00,1.00
2017.02.07 12:07:16.990,8.88706,8.88859,1.00,1.00
2017.02.07 12:07:17.915,8.88698,8.88859,1.50,1.00
2017.02.07 12:07:19.780,8.88698,8.88855,1.50,1.00
2017.02.07 12:07:20.179,8.88698,8.88852,1.00,1.00
2017.02.07 12:07:20.230,8.88706,8.88877,1.00,1.00
2017.02.07 12:07:20.331,8.8871,8.88877,1.00,1.00
2017.02.07 12:07:20.634,8.8873,8.88877,1.00,1.00
2017.02.07 12:07:20.783,8.8873,8.88885,1.00,1.00
2017.02.07 12:07:22.500,8.8873,8.88899,1.00,1.00
2017.02.07 12:07:22.551,8.88733,8.88904,1.00,1.00
2017.02.07 12:07:23.473,8.8873,8.88904,1.00,1.00
2017.02.07 12:07:25.953,8.8873,8.88893,1.00,1.00
2017.02.07 12:07:26.366,8.88764,8.88893,1.00,1.00
2017.02.07 12:07:26.671,8.88722,8.88874,1.00,1.00
2017.02.07 12:07:27.236,8.88722,8.88862,1.00,1.00
2017.02.07 12:07:27.909,8.88722,8.88875,1.00,1.00
2017.02.07 12:07:28.010,8.88722,8.88863,1.00,1.00
2017.02.07 12:07:29.004,8.88722,8.88861,1.00,1.00
2017.02.07 12:07:30.873,8.88722,8.8886,1.00,1.00
2017.02.07 12:07:31.780,8.88722,8.88865,1.00,1.00
2017.02.07 12:07:31.831,8.88722,8.8887,1.00,1.00
2017.02.07 12:07:31.882,8.88724,8.88878,1.00,1.00
2017.02.07 12:07:32.334,8.88737,8.8889,1.00,1.00
2017.02.07 12:07:32.983,8.88722,8.8889,1.00,1.00
2017.02.07 12:07:33.502,8.88724,8.88895,1.00,1.00
2017.02.07 12:07:33.713,8.88724,8.88897,1.00,1.00
2017.02.07 12:07:33.916,8.88722,8.88889,1.00,1.00
2017.02.07 12:07:34.675,8.88722,8.88882,1.00,1.00
2017.02.07 12:07:35.003,8.88722,8.88876,1.00,1.00
2017.02.07 12:07:35.335,8.88722,8.88866,1.00,1.00
2017.02.07 12:07:35.610,8.88739,8.88893,1.00,1.00
2017.02.07 12:07:35.662,8.88749,8.88903,1.00,1.00
2017.02.07 12:07:35.763,8.88725,8.88896,1.00,1.00
2017.02.07 12:07:35.915,8.88722,8.88886,1.00,1.00
2017.02.07 12:07:36.241,8.88752,8.88886,1.00,1.00
2017.02.07 12:07:36.802,8.88752,8.88878,1.00,1.00
2017.02.07 12:07:36.853,8.88752,8.88886,1.00,1.00
2017.02.07 12:07:37.058,8.88752,8.88888,1.00,1.00
2017.02.07 12:07:37.845,8.88752,8.88883,1.00,1.00
2017.02.07 12:07:38.121,8.88752,8.88893,1.00,1.00
2017.02.07 12:07:38.172,8.88752,8.88899,1.00,1.00
2017.02.07 12:07:38.440,8.88752,8.88889,1.00,1.00
2017.02.07 12:07:39.131,8.88752,8.88883,1.00,1.00
2017.02.07 12:07:40.337,8.88752,8.88894,1.00,1.00
2017.02.07 12:07:40.445,8.88752,8.88896,1.00,1.00
2017.02.07 12:07:40.891,8.88752,8.88883,1.00,1.00
2017.02.07 12:07:41.173,8.88752,8.88888,1.00,1.00
2017.02.07 12:07:41.479,8.88752,8.88855,1.00,1.00
2017.02.07 12:07:41.580,8.88713,8.88845,1.00,1.00
2017.02.07 12:07:42.094,8.88706,8.88845,1.00,1.00
2017.02.07 12:07:42.145,8.88706,8.88853,1.00,1.00
2017.02.07 12:07:42.246,8.88708,8.88862,1.00,1.00
2017.02.07 12:07:43.385,8.88715,8.8887,1.00,1.00
2017.02.07 12:07:43.436,8.88708,8.88862,1.00,1.00
2017.02.07 12:07:44.373,8.88713,8.88867,1.00,1.00
2017.02.07 12:07:44.755,8.88706,8.88851,1.00,1.00
2017.02.07 12:07:45.108,8.88706,8.88859,1.00,1.00
2017.02.07 12:07:45.442,8.8871,8.88864,1.00,1.00
2017.02.07 12:07:45.797,8.88706,8.88856,1.00,1.00
2017.02.07 12:07:46.766,8.88706,8.88855,1.00,1.00
2017.02.07 12:07:47.203,8.88706,8.88849,1.00,1.00
2017.02.07 12:07:47.659,8.88706,8.88856,1.00,1.00
2017.02.07 12:07:47.785,8.88706,8.88886,1.00,1.00
2017.02.07 12:07:47.835,8.88706,8.88856,1.00,1.00
2017.02.07 12:07:48.798,8.88706,8.88857,1.00,1.00
2017.02.07 12:07:49.882,8.88716,8.88871,1.00,1.00
2017.02.07 12:07:49.933,8.88729,8.88883,1.00,1.00
2017.02.07 12:07:50.114,8.88747,8.88906,1.00,1.00
2017.02.07 12:07:50.165,8.88747,8.88876,1.00,1.00
2017.02.07 12:07:50.317,8.88716,8.88852,1.00,1.00
2017.02.07 12:07:50.882,8.88716,8.88842,1.00,1.00
2017.02.07 12:07:51.211,8.88716,8.88818,1.00,1.00
2017.02.07 12:07:51.312,8.88684,8.88818,1.00,1.00
2017.02.07 12:07:52.423,8.88684,8.88808,1.00,1.00
2017.02.07 12:07:54.181,8.88684,8.88815,1.00,1.00
2017.02.07 12:07:54.389,8.88684,8.88818,1.00,1.00
2017.02.07 12:07:54.466,8.88684,8.88828,1.00,1.00
2017.02.07 12:07:54.692,8.88685,8.88839,1.00,1.00
2017.02.07 12:07:55.467,8.88689,8.88843,1.00,1.00
2017.02.07 12:07:55.684,8.88692,8.88847,1.00,1.00
2017.02.07 12:07:55.735,8.88703,8.88855,1.00,1.00
2017.02.07 12:07:56.039,8.8872,8.88855,1.00,1.00
2017.02.07 12:07:56.583,8.8872,8.88861,1.00,1.00
2017.02.07 12:07:57.230,8.8872,8.88862,1.00,1.00
2017.02.07 12:08:00.227,8.8872,8.88849,1.00,1.00
2017.02.07 12:08:00.536,8.8872,8.88843,1.00,1.00
2017.02.07 12:08:01.739,8.887,8.88843,1.00,1.00
2017.02.07 12:08:01.790,8.8869,8.88843,1.00,1.00
2017.02.07 12:08:01.891,8.88688,8.88823,1.00,1.00
2017.02.07 12:08:02.992,8.88688,8.88825,1.00,1.00
2017.02.07 12:08:04.054,8.88688,8.88819,1.00,1.00
2017.02.07 12:08:04.388,8.88688,8.8881,1.00,1.00
2017.02.07 12:08:04.489,8.88657,8.8881,1.00,1.00
2017.02.07 12:08:05.099,8.88654,8.88805,1.00,1.00
2017.02.07 12:08:07.222,8.88656,8.8881,1.00,1.00
2017.02.07 12:08:07.533,8.88667,8.8882,1.50,1.00
2017.02.07 12:08:08.096,8.88675,8.88829,1.00,1.00
2017.02.07 12:08:08.147,8.88684,8.88837,1.00,1.00
2017.02.07 12:08:08.457,8.88688,8.88837,1.00,1.00
2017.02.07 12:08:09.174,8.88688,8.88842,1.50,1.00
2017.02.07 12:08:09.275,8.88695,8.8885,1.00,1.00
2017.02.07 12:08:09.427,8.88688,8.88831,1.00,1.00
2017.02.07 12:08:09.477,8.88688,8.88842,1.50,1.00
2017.02.07 12:08:09.629,8.88701,8.88853,1.00,1.00
2017.02.07 12:08:09.680,8.8871,8.88865,1.00,1.00
2017.02.07 12:08:09.882,8.88721,8.88865,1.00,1.00
2017.02.07 12:08:10.553,8.88724,8.88878,1.00,1.00
2017.02.07 12:08:10.604,8.88729,8.88878,1.00,1.00
2017.02.07 12:08:10.655,8.8873,8.88884,1.00,1.00
2017.02.07 12:08:10.857,8.88729,8.88875,1.00,1.00
2017.02.07 12:08:11.160,8.88729,8.88867,1.00,1.00
2017.02.07 12:08:11.592,8.88733,8.88887,1.00,1.00
2017.02.07 12:08:11.643,8.88753,8.88887,1.00,1.00
2017.02.07 12:08:11.808,8.88733,8.88887,1.50,1.00
2017.02.07 12:08:11.910,8.88733,8.88882,1.00,1.00
2017.02.07 12:08:14.252,8.88733,8.88886,1.00,1.00
2017.02.07 12:08:15.961,8.88733,8.88884,1.00,1.00
2017.02.07 12:08:17.091,8.88733,8.88912,1.00,1.00
2017.02.07 12:08:17.318,8.8873,8.88912,1.00,1.00
2017.02.07 12:08:17.495,8.88733,8.88912,1.00,1.00
2017.02.07 12:08:17.547,8.88735,8.88934,1.00,1.00
2017.02.07 12:08:17.597,8.88754,8.88934,1.00,1.00
2017.02.07 12:08:17.901,8.88781,8.88949,1.00,1.00
2017.02.07 12:08:18.793,8.88781,8.88947,1.00,1.00
2017.02.07 12:08:20.518,8.88781,8.88912,1.00,1.00
2017.02.07 12:08:20.821,8.88746,8.88879,1.00,1.00
2017.02.07 12:08:20.871,8.88746,8.88866,1.00,1.00
2017.02.07 12:08:21.701,8.88746,8.8886,1.00,1.00
2017.02.07 12:08:22.251,8.88709,8.8886,1.00,1.00
2017.02.07 12:08:22.975,8.88713,8.88867,1.00,1.00
2017.02.07 12:08:23.350,8.8871,8.88862,1.00,1.00
2017.02.07 12:08:25.268,8.88715,8.88869,1.00,1.00
2017.02.07 12:08:26.089,8.88711,8.88865,1.00,1.00
2017.02.07 12:08:27.099,8.8871,8.88864,1.00,1.00
2017.02.07 12:08:29.054,8.88709,8.88873,1.00,1.00
2017.02.07 12:08:30.254,8.88709,8.88874,1.00,1.00
2017.02.07 12:08:30.355,8.88709,8.88859,1.00,1.00
2017.02.07 12:08:31.284,8.88711,8.88865,1.00,1.00
2017.02.07 12:08:32.661,8.88709,8.8886,1.00,1.00
2017.02.07 12:08:36.269,8.88709,8.88857,1.00,1.00
2017.02.07 12:08:37.679,8.88709,8.88863,1.00,1.00
2017.02.07 12:08:37.831,8.88709,8.88857,1.00,1.00
2017.02.07 12:08:38.148,8.88709,8.88851,1.00,1.00
2017.02.07 12:08:38.451,8.88709,8.88844,1.00,1.00
2017.02.07 12:08:38.502,8.88709,8.88862,1.00,1.00
2017.02.07 12:08:38.553,8.88711,8.88862,1.00,1.00
2017.02.07 12:08:39.457,8.88711,8.88856,1.00,1.00
2017.02.07 12:08:39.812,8.88711,8.88843,1.00,1.00
2017.02.07 12:08:40.115,8.88711,8.88827,1.00,1.00
2017.02.07 12:08:40.165,8.88678,8.88827,1.00,1.00
2017.02.07 12:08:41.131,8.88678,8.8883,1.00,1.00
2017.02.07 12:08:41.232,8.88678,8.88841,1.00,1.00
2017.02.07 12:08:42.187,8.88678,8.88846,1.00,1.00
2017.02.07 12:08:42.342,8.88678,8.88846,1.37,1.00
2017.02.07 12:08:42.443,8.88678,8.88846,1.00,1.00
2017.02.07 12:08:43.023,8.88678,8.88852,1.00,1.00
2017.02.07 12:08:46.021,8.88678,8.8885,1.00,1.00
2017.02.07 12:08:47.024,8.88678,8.88853,1.00,1.00
2017.02.07 12:08:47.426,8.88678,8.88853,1.37,1.00
2017.02.07 12:08:47.628,8.88678,8.88853,1.00,1.00
2017.02.07 12:08:48.161,8.88678,8.88854,1.00,1.00
2017.02.07 12:08:49.376,8.88678,8.88854,1.37,1.00
2017.02.07 12:08:49.895,8.88678,8.88854,1.00,1.00
2017.02.07 12:08:51.047,8.88678,8.8885,1.00,1.00
2017.02.07 12:08:51.098,8.88688,8.88866,1.00,1.00
2017.02.07 12:08:51.374,8.88696,8.88866,1.00,1.00
2017.02.07 12:08:51.712,8.88712,8.88866,1.00,1.00
2017.02.07 12:08:52.117,8.88712,8.88838,1.00,1.00
2017.02.07 12:08:52.269,8.8868,8.88838,1.00,1.00
2017.02.07 12:08:53.267,8.8868,8.88833,1.00,1.00
2017.02.07 12:08:54.822,8.8868,8.88827,1.00,1.00
2017.02.07 12:08:56.111,8.8868,8.88824,1.00,1.00
2017.02.07 12:08:58.994,8.8868,8.88822,1.00,1.00
2017.02.07 12:08:59.095,8.88649,8.88801,1.00,1.00
2017.02.07 12:09:00.056,8.88644,8.88799,1.00,1.00
2017.02.07 12:09:01.068,8.88642,8.88795,1.00,1.00
2017.02.07 12:09:02.064,8.88642,8.88794,1.00,1.00
2017.02.07 12:09:06.194,8.88659,8.88813,1.00,1.00
2017.02.07 12:09:07.192,8.88663,8.88817,1.00,1.00
2017.02.07 12:09:08.200,8.8866,8.88815,1.37,1.00
2017.02.07 12:09:08.453,8.8866,8.88815,1.00,1.00
2017.02.07 12:09:08.604,8.8866,8.88815,1.37,1.00
2017.02.07 12:09:08.655,8.8866,8.88815,1.00,1.00
2017.02.07 12:09:09.159,8.8866,8.88815,1.37,1.00
2017.02.07 12:09:09.476,8.88656,8.8881,1.00,1.00
2017.02.07 12:09:09.667,8.88645,8.88799,1.00,1.00
2017.02.07 12:09:10.134,8.88656,8.8881,1.00,1.00
2017.02.07 12:09:10.471,8.88663,8.88817,1.00,1.00
2017.02.07 12:09:11.139,8.88661,8.88813,1.00,1.00
2017.02.07 12:09:11.458,8.88664,8.88818,1.00,1.00
2017.02.07 12:09:14.954,8.88678,8.88832,1.00,1.00
2017.02.07 12:09:15.459,8.88678,8.88832,1.37,1.00
2017.02.07 12:09:15.510,8.8867,8.88824,1.00,1.00
2017.02.07 12:09:15.684,8.88666,8.8881,1.00,1.00
2017.02.07 12:09:15.936,8.88666,8.88817,1.00,1.00
2017.02.07 12:09:18.188,8.88666,8.88819,1.00,1.00
2017.02.07 12:09:18.352,8.88679,8.88831,1.00,1.00
2017.02.07 12:09:19.011,8.88671,8.88826,1.00,1.00
2017.02.07 12:09:19.062,8.88681,8.88835,1.00,1.00
2017.02.07 12:09:19.113,8.88679,8.88834,1.00,1.00
2017.02.07 12:09:19.692,8.88666,8.88834,1.00,1.00
2017.02.07 12:09:19.808,8.88666,8.88819,1.00,1.00
2017.02.07 12:09:20.111,8.88666,8.88797,1.00,1.00
2017.02.07 12:09:20.262,8.88643,8.88797,1.00,1.00
2017.02.07 12:09:21.035,8.88647,8.88808,1.00,1.00
2017.02.07 12:09:21.592,8.88638,8.88792,1.00,1.00
2017.02.07 12:09:22.574,8.88639,8.88793,1.00,1.00
2017.02.07 12:09:22.897,8.88634,8.88788,1.00,1.00
2017.02.07 12:09:23.365,8.88641,8.88795,1.00,1.00
2017.02.07 12:09:24.008,8.88638,8.88792,1.00,1.00
2017.02.07 12:09:25.911,8.88643,8.88797,1.00,1.00
2017.02.07 12:09:26.215,8.88645,8.88797,1.00,1.00
2017.02.07 12:09:27.048,8.88644,8.88793,1.00,1.00
2017.02.07 12:09:27.424,8.88644,8.88809,1.00,1.00
2017.02.07 12:09:27.475,8.88652,8.88806,1.00,1.00
2017.02.07 12:09:28.431,8.88646,8.88798,1.00,1.00
2017.02.07 12:09:28.739,8.88644,8.88795,1.00,1.00
2017.02.07 12:09:29.412,8.88645,8.88799,1.00,1.00
2017.02.07 12:09:30.785,8.88655,8.88799,1.00,1.00
2017.02.07 12:09:31.110,8.88655,8.88809,1.00,1.00
2017.02.07 12:09:31.771,8.88654,8.88809,1.00,1.00
2017.02.07 12:09:32.227,8.88642,8.88821,1.00,1.00
2017.02.07 12:09:33.696,8.88647,8.88824,1.00,1.00
2017.02.07 12:09:33.920,8.88642,8.88821,1.00,1.00
2017.02.07 12:09:34.609,8.88646,8.88813,1.00,1.00
2017.02.07 12:09:34.917,8.88666,8.88799,1.00,1.00
2017.02.07 12:09:35.266,8.88666,8.88759,1.00,1.00
2017.02.07 12:09:35.368,8.88628,8.88759,1.00,1.00
2017.02.07 12:09:35.621,8.88628,8.88748,1.00,1.00
2017.02.07 12:09:35.945,8.88595,8.88748,1.00,1.00
2017.02.07 12:09:38.124,8.88595,8.8875,1.50,1.00
2017.02.07 12:09:38.753,8.88595,8.88745,1.00,1.00
2017.02.07 12:09:39.086,8.88603,8.88757,1.00,1.00
2017.02.07 12:09:41.203,8.88606,8.8876,1.00,1.00
2017.02.07 12:09:41.810,8.88605,8.8876,1.00,1.00
2017.02.07 12:09:42.243,8.88612,8.88766,1.00,1.00
2017.02.07 12:09:43.721,8.88607,8.88762,1.00,1.00
2017.02.07 12:09:46.156,8.88606,8.8876,1.00,1.00
2017.02.07 12:09:46.467,8.88608,8.88762,1.00,1.00
2017.02.07 12:09:46.769,8.88595,8.88743,1.00,1.00
2017.02.07 12:09:47.072,8.88542,8.88696,1.60,1.00
2017.02.07 12:09:47.509,8.88542,8.88696,1.00,1.00
2017.02.07 12:09:47.660,8.88555,8.8871,1.00,1.00
2017.02.07 12:09:47.812,8.88538,8.88693,1.00,1.00
2017.02.07 12:09:48.216,8.88527,8.88681,1.00,1.00
2017.02.07 12:09:48.752,8.88526,8.8868,1.00,1.00
2017.02.07 12:09:53.154,8.88527,8.88681,1.00,1.00
2017.02.07 12:09:53.888,8.88527,8.8868,1.00,1.00
2017.02.07 12:09:56.230,8.88527,8.88682,1.00,1.00
2017.02.07 12:09:57.235,8.8853,8.88685,1.00,1.00
2017.02.07 12:09:57.538,8.88534,8.88689,1.35,1.00
2017.02.07 12:09:57.841,8.8854,8.88689,1.00,1.00
2017.02.07 12:09:58.424,8.8854,8.8869,1.00,1.00
2017.02.07 12:10:03.125,8.88546,8.88701,1.00,1.00
2017.02.07 12:10:03.176,8.8854,8.88691,1.00,1.00
2017.02.07 12:10:08.187,8.8854,8.88693,1.00,1.00
2017.02.07 12:10:08.239,8.88558,8.88713,1.00,1.00
2017.02.07 12:10:08.422,8.88546,8.88701,1.00,1.00
2017.02.07 12:10:09.233,8.88552,8.88707,1.00,1.00
2017.02.07 12:10:09.505,8.8854,8.88693,1.00,1.00
2017.02.07 12:10:10.547,8.8854,8.88692,1.50,1.00
2017.02.07 12:10:11.104,8.88548,8.88693,1.50,1.00
2017.02.07 12:10:11.489,8.88569,8.88693,1.00,1.00
2017.02.07 12:10:12.116,8.88569,8.8868,1.00,1.00
2017.02.07 12:10:14.405,8.88546,8.8868,1.00,1.00
2017.02.07 12:10:16.251,8.88546,8.88683,1.00,1.00
2017.02.07 12:10:18.276,8.88546,8.88681,1.00,1.00
2017.02.07 12:10:19.679,8.88546,8.88684,1.00,1.00
2017.02.07 12:10:20.108,8.88546,8.88679,1.00,1.00
2017.02.07 12:10:20.516,8.88546,8.88672,1.00,1.00
2017.02.07 12:10:20.847,8.88546,8.88653,1.00,1.00
2017.02.07 12:10:23.242,8.88546,8.88657,1.00,1.00
2017.02.07 12:10:26.298,8.88546,8.88656,1.00,1.00
2017.02.07 12:10:26.643,8.88546,8.88663,1.00,1.00
2017.02.07 12:10:27.943,8.88546,8.88659,1.00,1.00
2017.02.07 12:10:28.044,8.88519,8.88654,1.00,1.00
2017.02.07 12:10:28.750,8.88519,8.88642,1.00,1.00
2017.02.07 12:10:29.054,8.88519,8.88622,1.00,1.00
2017.02.07 12:10:29.279,8.88476,8.88621,1.60,1.00
2017.02.07 12:10:29.330,8.88487,8.8863,1.00,1.00
2017.02.07 12:10:29.381,8.88497,8.88641,1.00,1.00
2017.02.07 12:10:29.502,8.885,8.88641,1.00,1.00
2017.02.07 12:10:29.969,8.88505,8.88651,1.00,1.00
2017.02.07 12:10:30.274,8.885,8.88635,1.00,1.00
2017.02.07 12:10:30.533,8.88482,8.88623,1.00,1.00
2017.02.07 12:10:31.358,8.88482,8.88616,1.00,1.00
2017.02.07 12:10:31.655,8.88482,8.88619,1.00,1.00
2017.02.07 12:10:32.050,8.88482,8.88605,1.00,1.00
2017.02.07 12:10:33.067,8.88482,8.88621,1.00,1.00
2017.02.07 12:10:35.253,8.88482,8.88603,1.00,1.00
2017.02.07 12:10:35.404,8.88463,8.88591,1.00,1.00
2017.02.07 12:10:35.455,8.88463,8.88572,1.00,1.00
2017.02.07 12:10:35.677,8.8845,8.88596,1.00,1.00
2017.02.07 12:10:35.728,8.88462,8.88596,1.00,1.00
2017.02.07 12:10:36.424,8.88462,8.88606,1.00,1.00
2017.02.07 12:10:36.728,8.88462,8.886,1.00,1.00
2017.02.07 12:10:37.398,8.88462,8.88605,1.00,1.00
2017.02.07 12:10:38.399,8.88462,8.88604,1.00,1.00
2017.02.07 12:10:40.750,8.88487,8.88604,1.00,1.00
2017.02.07 12:10:41.261,8.88487,8.88598,1.00,1.00
2017.02.07 12:10:42.041,8.88487,8.88604,1.00,1.00
2017.02.07 12:10:42.865,8.88487,8.88618,1.00,1.00
2017.02.07 12:10:42.917,8.88487,8.8863,1.50,1.41
2017.02.07 12:10:43.019,8.88487,8.88619,1.00,1.00
2017.02.07 12:10:45.187,8.88487,8.88631,1.00,1.00
2017.02.07 12:10:45.339,8.88487,8.88619,1.00,1.00
2017.02.07 12:10:46.367,8.88487,8.88622,1.00,1.00
2017.02.07 12:10:48.094,8.88487,8.88623,1.00,1.00
2017.02.07 12:10:49.602,8.88487,8.88618,1.00,1.00
2017.02.07 12:10:50.739,8.88487,8.88613,1.00,1.00
2017.02.07 12:10:50.840,8.88487,8.88628,1.00,1.00
2017.02.07 12:10:51.804,8.88487,8.88626,1.00,1.00
2017.02.07 12:10:53.277,8.88487,8.88627,1.00,1.00
2017.02.07 12:10:55.773,8.88487,8.88616,1.00,1.00
2017.02.07 12:10:55.975,8.88468,8.88606,1.00,1.00
2017.02.07 12:10:56.874,8.88468,8.88603,1.00,1.00
2017.02.07 12:10:59.589,8.88468,8.88601,1.00,1.00
2017.02.07 12:10:59.740,8.88453,8.88601,1.00,1.00
2017.02.07 12:11:00.245,8.88458,8.88606,1.00,1.00
2017.02.07 12:11:01.160,8.88449,8.88595,1.00,1.00
2017.02.07 12:11:02.164,8.88447,8.88592,1.00,1.00
2017.02.07 12:11:03.365,8.88444,8.88601,1.00,1.00
2017.02.07 12:11:03.712,8.8845,8.88603,1.00,1.00
2017.02.07 12:11:04.016,8.88456,8.88603,1.00,1.00
2017.02.07 12:11:04.752,8.8846,8.88603,1.00,1.00
2017.02.07 12:11:05.553,8.88466,8.8862,1.00,1.00
2017.02.07 12:11:05.655,8.88471,8.88614,1.00,1.00
2017.02.07 12:11:05.706,8.88472,8.8862,1.00,1.00
2017.02.07 12:11:05.807,8.8846,8.88617,1.00,1.00
2017.02.07 12:11:06.788,8.88465,8.8862,1.00,1.50
2017.02.07 12:11:07.670,8.88463,8.88603,1.00,1.00
2017.02.07 12:11:07.721,8.88463,8.88619,1.00,1.00
2017.02.07 12:11:08.354,8.88466,8.88622,1.00,1.00
2017.02.07 12:11:09.096,8.88463,8.88606,1.00,1.00
2017.02.07 12:11:09.248,8.88463,8.88616,1.00,1.00
2017.02.07 12:11:10.015,8.88463,8.88622,1.00,1.00
2017.02.07 12:11:11.364,8.88463,8.88612,1.00,1.00
2017.02.07 12:11:11.466,8.88431,8.88587,1.00,1.00
2017.02.07 12:11:12.350,8.88431,8.88589,1.00,1.00
2017.02.07 12:11:13.832,8.88431,8.88593,1.00,1.00
2017.02.07 12:11:16.323,8.88431,8.88596,1.50,1.00
2017.02.07 12:11:18.423,8.88442,8.88598,1.00,1.00
2017.02.07 12:11:20.847,8.88437,8.88593,1.00,1.00
2017.02.07 12:11:21.353,8.88438,8.88593,1.00,1.00
2017.02.07 12:11:21.556,8.8843,8.88586,1.00,1.00
2017.02.07 12:11:22.415,8.88426,8.88582,1.00,1.00
2017.02.07 12:11:23.267,8.88442,8.88594,1.00,1.00
2017.02.07 12:11:23.368,8.88426,8.88594,1.50,1.00
2017.02.07 12:11:26.169,8.88426,8.88595,1.50,1.00
2017.02.07 12:11:26.422,8.88429,8.88598,1.00,1.00
2017.02.07 12:11:29.295,8.8843,8.88599,1.00,1.00
2017.02.07 12:11:30.400,8.88426,8.88593,1.00,1.00
2017.02.07 12:11:31.697,8.8843,8.88599,1.00,1.00
2017.02.07 12:11:32.919,8.8845,8.88594,1.00,1.00
2017.02.07 12:11:33.399,8.88444,8.88588,1.00,1.00
2017.02.07 12:11:33.853,8.88432,8.88584,1.00,1.00
2017.02.07 12:11:33.904,8.88426,8.88554,1.00,1.00
2017.02.07 12:11:33.954,8.88437,8.88582,1.00,1.00
2017.02.07 12:11:34.115,8.88441,8.88585,1.00,1.00
2017.02.07 12:11:34.621,8.88426,8.88591,1.00,1.00
2017.02.07 12:11:35.210,8.88424,8.88591,1.00,1.00
2017.02.07 12:11:35.652,8.88418,8.88585,1.00,1.00
2017.02.07 12:11:35.981,8.88413,8.88579,1.00,1.00
2017.02.07 12:11:36.497,8.88413,8.88578,1.00,1.00
2017.02.07 12:11:37.029,8.88412,8.88578,1.00,1.00
2017.02.07 12:11:37.554,8.88412,8.88579,1.00,1.00
2017.02.07 12:11:38.402,8.88396,8.88574,1.00,1.00
2017.02.07 12:11:39.595,8.88405,8.88583,1.00,1.00
2017.02.07 12:11:39.978,8.88399,8.88577,1.00,1.00
2017.02.07 12:11:40.281,8.88389,8.88555,1.00,1.00
2017.02.07 12:11:40.580,8.88369,8.88543,1.00,1.00
2017.02.07 12:11:40.681,8.88365,8.88543,1.50,1.00
2017.02.07 12:11:41.009,8.88372,8.88547,1.00,1.00
2017.02.07 12:11:41.319,8.88378,8.88553,1.00,1.50
2017.02.07 12:11:41.623,8.88388,8.88551,1.00,1.00
2017.02.07 12:11:42.026,8.88368,8.88543,1.00,1.00
2017.02.07 12:11:42.549,8.88373,8.88548,1.00,1.00
2017.02.07 12:11:42.851,8.8838,8.88553,1.00,1.00
2017.02.07 12:11:43.043,8.88392,8.88567,1.00,1.00
2017.02.07 12:11:43.559,8.88387,8.88562,1.00,1.00
2017.02.07 12:11:44.998,8.88374,8.88549,1.00,1.00
2017.02.07 12:11:45.313,8.8837,8.88545,1.00,1.00
2017.02.07 12:11:45.996,8.88374,8.88549,1.00,1.00
2017.02.07 12:11:46.449,8.8837,8.88543,1.00,1.00
2017.02.07 12:11:48.470,8.88371,8.88539,1.00,1.00
2017.02.07 12:11:49.311,8.88377,8.88545,1.00,1.00
2017.02.07 12:11:50.932,8.8837,8.88539,1.00,1.00
2017.02.07 12:11:53.396,8.88372,8.88536,1.00,1.00
2017.02.07 12:11:54.035,8.88365,8.88515,1.00,1.00
2017.02.07 12:11:54.288,8.88328,8.88492,1.00,1.00
2017.02.07 12:11:55.142,8.88326,8.8849,1.50,1.00
2017.02.07 12:11:56.323,8.88335,8.885,1.00,1.00
2017.02.07 12:11:56.912,8.88344,8.88509,1.00,1.00
2017.02.07 12:11:57.243,8.88371,8.88513,1.00,1.00
2017.02.07 12:11:57.344,8.88362,8.88513,1.00,1.00
2017.02.07 12:11:58.411,8.88362,8.88527,1.00,1.00
2017.02.07 12:11:58.625,8.8837,8.88535,1.00,1.00
2017.02.07 12:11:58.928,8.88379,8.88543,1.00,1.00
2017.02.07 12:11:59.283,8.88413,8.88551,1.60,1.00
2017.02.07 12:11:59.384,8.88433,8.88576,1.60,1.00
2017.02.07 12:11:59.435,8.88423,8.88578,1.60,1.00
2017.02.07 12:11:59.486,8.88423,8.88605,1.60,1.00
2017.02.07 12:11:59.662,8.88442,8.88607,1.97,1.00
2017.02.07 12:11:59.713,8.88442,8.88653,1.60,1.00
2017.02.07 12:12:00.168,8.88469,8.88672,1.00,1.00
2017.02.07 12:12:00.420,8.88469,8.88642,1.00,1.00
2017.02.07 12:12:00.571,8.88469,8.88648,1.00,1.00
2017.02.07 12:12:01.335,8.88469,8.88648,1.37,1.00
2017.02.07 12:12:01.385,8.88469,8.88648,1.00,1.00
2017.02.07 12:12:01.436,8.88469,8.88648,1.37,1.00
2017.02.07 12:12:01.487,8.88469,8.88648,1.00,1.00
2017.02.07 12:12:02.035,8.88469,8.88649,1.00,1.00
2017.02.07 12:12:03.486,8.88476,8.8865,1.00,1.00
2017.02.07 12:12:07.099,8.88492,8.8865,1.00,1.00
2017.02.07 12:12:07.150,8.88496,8.88655,1.00,1.00
2017.02.07 12:12:07.251,8.88528,8.88681,1.00,1.00
2017.02.07 12:12:07.302,8.88528,8.88686,1.00,1.50
2017.02.07 12:12:07.352,8.88543,8.88697,1.00,1.00
2017.02.07 12:12:07.504,8.88543,8.88701,1.00,1.00
2017.02.07 12:12:07.673,8.88566,8.88725,1.00,1.50
2017.02.07 12:12:07.723,8.8858,8.88739,1.00,1.00
2017.02.07 12:12:08.027,8.88635,8.88739,1.00,1.00
2017.02.07 12:12:08.230,8.88635,8.88746,1.00,1.00
2017.02.07 12:12:08.281,8.88635,8.88774,1.00,1.37
2017.02.07 12:12:08.433,8.88635,8.88752,1.00,1.00
2017.02.07 12:12:08.761,8.88635,8.88691,1.00,1.00
2017.02.07 12:12:09.076,8.88635,8.88666,1.00,1.00
2017.02.07 12:12:09.279,8.8854,8.88666,1.00,1.00
2017.02.07 12:12:09.330,8.88541,8.88685,1.00,1.00
2017.02.07 12:12:09.649,8.88521,8.88675,1.00,1.00
2017.02.07 12:12:09.701,8.88521,8.88672,1.00,1.00
2017.02.07 12:12:10.004,8.88506,8.88644,1.00,1.00
2017.02.07 12:12:10.056,8.88506,8.88646,1.00,1.00
2017.02.07 12:12:10.359,8.8848,8.88646,1.00,1.00
2017.02.07 12:12:10.713,8.88493,8.88659,1.00,1.00
2017.02.07 12:12:11.047,8.88489,8.88655,1.00,1.00
2017.02.07 12:12:11.558,8.88494,8.8866,1.00,1.00
2017.02.07 12:12:12.257,8.88487,8.88653,1.00,1.00
2017.02.07 12:12:12.719,8.88483,8.88649,1.00,1.00
2017.02.07 12:12:13.543,8.88498,8.88644,1.00,1.00
2017.02.07 12:12:14.323,8.88493,8.88639,1.00,1.00
2017.02.07 12:12:14.648,8.88481,8.88627,1.00,1.00
2017.02.07 12:12:15.368,8.88485,8.88631,1.00,1.00
2017.02.07 12:12:15.809,8.88482,8.88626,1.00,1.00
2017.02.07 12:12:16.345,8.8849,8.88636,1.00,1.00
2017.02.07 12:12:18.515,8.88492,8.88638,1.00,1.00
2017.02.07 12:12:18.996,8.88486,8.88632,1.00,1.00
2017.02.07 12:12:19.320,8.88475,8.88621,1.00,1.00
2017.02.07 12:12:19.998,8.8848,8.88626,1.00,1.00
2017.02.07 12:12:21.269,8.88492,8.88638,1.00,1.00
2017.02.07 12:12:21.696,8.88507,8.88652,1.00,1.00
2017.02.07 12:12:21.856,8.88496,8.88642,1.00,1.00
2017.02.07 12:12:22.600,8.88483,8.88638,1.00,1.00
2017.02.07 12:12:22.651,8.88483,8.88616,1.00,1.00
2017.02.07 12:12:22.803,8.88446,8.88592,1.00,1.00
2017.02.07 12:12:23.709,8.8845,8.88594,1.00,1.00
2017.02.07 12:12:24.449,8.88441,8.88581,1.00,1.00
2017.02.07 12:12:24.752,8.88441,8.8857,1.00,1.00
2017.02.07 12:12:26.298,8.88441,8.88604,1.00,1.00
2017.02.07 12:12:26.872,8.88456,8.8862,1.00,1.00
2017.02.07 12:12:26.973,8.88457,8.88637,1.00,1.00
2017.02.07 12:12:27.840,8.88457,8.88629,1.00,1.00
2017.02.07 12:12:28.706,8.88474,8.88655,1.00,1.00
2017.02.07 12:12:28.756,8.88478,8.88655,1.60,1.00
2017.02.07 12:12:29.059,8.88492,8.88655,1.00,1.00
2017.02.07 12:12:29.682,8.88492,8.88657,1.00,1.00
2017.02.07 12:12:30.276,8.88492,8.88657,1.60,1.00
2017.02.07 12:12:30.327,8.885,8.88681,1.60,1.00
2017.02.07 12:12:30.479,8.88495,8.88672,1.60,1.00
2017.02.07 12:12:31.279,8.88495,8.88672,1.00,1.00
2017.02.07 12:12:31.330,8.88495,8.88659,1.00,1.00
2017.02.07 12:12:31.616,8.88495,8.88675,1.60,1.00
2017.02.07 12:12:32.294,8.88495,8.88661,1.60,1.00
2017.02.07 12:12:32.597,8.88492,8.88654,1.00,1.00
2017.02.07 12:12:33.439,8.885,8.88646,1.00,1.00
2017.02.07 12:12:35.197,8.88506,8.88652,1.00,1.00
2017.02.07 12:12:35.248,8.88512,8.88659,1.00,1.00
2017.02.07 12:12:35.299,8.88527,8.88674,1.00,1.00
2017.02.07 12:12:36.257,8.88522,8.88668,1.00,1.00
2017.02.07 12:12:36.723,8.885,8.88646,1.00,1.00
2017.02.07 12:12:37.720,8.88501,8.88647,1.00,1.00
2017.02.07 12:12:39.558,8.88502,8.88647,1.00,1.00
2017.02.07 12:12:40.430,8.88497,8.88643,1.00,1.00
2017.02.07 12:12:41.590,8.885,8.88643,1.00,1.00
2017.02.07 12:12:46.502,8.88498,8.88644,1.00,1.00
2017.02.07 12:12:46.805,8.88494,8.88639,1.00,1.00
2017.02.07 12:12:47.109,8.88492,8.88633,1.00,1.00
2017.02.07 12:12:47.457,8.88505,8.88648,1.00,1.00
2017.02.07 12:12:48.436,8.88503,8.88649,1.00,1.00
2017.02.07 12:12:49.437,8.88502,8.88648,1.00,1.00
2017.02.07 12:12:53.558,8.88503,8.88646,1.00,1.00
2017.02.07 12:12:54.137,8.88496,8.88642,1.00,1.00
2017.02.07 12:12:54.188,8.88507,8.88652,1.00,1.00
2017.02.07 12:12:54.548,8.88502,8.88645,1.00,1.00
2017.02.07 12:12:54.962,8.88486,8.88616,1.00,1.00
2017.02.07 12:12:55.013,8.8847,8.88616,1.00,1.00
2017.02.07 12:12:55.165,8.88461,8.88606,1.00,1.00
2017.02.07 12:12:55.367,8.88475,8.88621,1.00,1.00
2017.02.07 12:12:55.418,8.88485,8.88631,1.00,1.00
2017.02.07 12:12:55.822,8.88495,8.88639,1.00,1.00
2017.02.07 12:12:56.249,8.88495,8.88632,1.00,1.00
2017.02.07 12:12:56.824,8.88495,8.88637,1.00,1.00
2017.02.07 12:12:57.742,8.88495,8.88633,1.00,1.00
2017.02.07 12:12:57.793,8.88495,8.88641,1.50,1.00
2017.02.07 12:12:58.491,8.88495,8.88633,1.00,1.00
2017.02.07 12:13:00.058,8.88495,8.8863,1.00,1.00
2017.02.07 12:13:00.580,8.88495,8.88619,1.00,1.00
2017.02.07 12:13:00.681,8.88465,8.88611,1.00,1.00
2017.02.07 12:13:01.607,8.88462,8.88606,1.00,1.00
2017.02.07 12:13:03.629,8.88462,8.88599,1.00,1.00
2017.02.07 12:13:06.737,8.88462,8.88606,1.00,1.00
2017.02.07 12:13:06.787,8.88462,8.88601,1.00,1.00
2017.02.07 12:13:07.750,8.88462,8.88595,1.00,1.00
2017.02.07 12:13:10.689,8.88462,8.88604,1.00,1.00
2017.02.07 12:13:10.868,8.88462,8.88596,1.00,1.00
2017.02.07 12:13:11.558,8.88462,8.88591,1.00,1.00
2017.02.07 12:13:11.862,8.88462,8.88553,1.00,1.00
2017.02.07 12:13:11.913,8.88418,8.88553,1.00,1.00
2017.02.07 12:13:12.065,8.88418,8.88526,1.00,1.00
2017.02.07 12:13:12.264,8.88402,8.88547,1.00,1.00
2017.02.07 12:13:12.520,8.88417,8.88562,1.00,1.00
2017.02.07 12:13:13.198,8.88412,8.88557,1.00,1.00
2017.02.07 12:13:13.571,8.88417,8.88562,1.00,1.00
2017.02.07 12:13:16.277,8.88413,8.88558,1.00,1.00
2017.02.07 12:13:16.580,8.88418,8.88563,1.00,1.00
2017.02.07 12:13:17.486,8.88419,8.88564,1.00,1.00
2017.02.07 12:13:18.353,8.88414,8.88557,1.00,1.00
2017.02.07 12:13:18.455,8.88412,8.88557,1.00,1.00
2017.02.07 12:13:18.505,8.88401,8.88546,1.00,1.00
2017.02.07 12:13:18.708,8.88418,8.88564,1.00,1.00
2017.02.07 12:13:19.849,8.88423,8.88569,1.00,1.00
2017.02.07 12:13:20.358,8.88419,8.88564,1.00,1.00
2017.02.07 12:13:20.662,8.88437,8.88583,1.00,1.00
2017.02.07 12:13:20.919,8.88444,8.88589,1.00,1.00
2017.02.07 12:13:21.904,8.88442,8.88585,1.00,1.00
2017.02.07 12:13:21.955,8.88421,8.88566,1.00,1.00
2017.02.07 12:13:22.056,8.88417,8.88559,1.00,1.00
2017.02.07 12:13:22.157,8.88421,8.88566,1.00,1.00
2017.02.07 12:13:22.337,8.88442,8.88588,1.00,1.00
2017.02.07 12:13:22.968,8.8845,8.88596,1.00,1.00
2017.02.07 12:13:23.273,8.88453,8.88597,1.00,1.00
2017.02.07 12:13:24.047,8.88447,8.88592,1.00,1.00
2017.02.07 12:13:24.274,8.88452,8.88597,1.00,1.00
2017.02.07 12:13:25.048,8.88448,8.88593,1.00,1.00
2017.02.07 12:13:25.364,8.88454,8.88598,1.00,1.00
2017.02.07 12:13:27.154,8.88447,8.8859,1.00,1.00
2017.02.07 12:13:28.167,8.88446,8.88589,1.00,1.00
2017.02.07 12:13:28.284,8.88451,8.88595,1.00,1.00
2017.02.07 12:13:29.154,8.88447,8.88591,1.00,1.00
2017.02.07 12:13:29.979,8.88437,8.88582,1.00,1.00
2017.02.07 12:13:30.080,8.88424,8.88569,1.00,1.00
2017.02.07 12:13:31.172,8.88417,8.88558,1.00,1.00
2017.02.07 12:13:31.321,8.88419,8.88562,1.00,1.00
2017.02.07 12:13:33.789,8.88417,8.88557,1.00,1.00
2017.02.07 12:13:35.784,8.88413,8.88557,1.00,1.00
2017.02.07 12:13:38.649,8.88399,8.88539,1.00,1.00
2017.02.07 12:13:38.805,8.8838,8.88523,1.00,1.00
2017.02.07 12:13:39.325,8.88379,8.88523,1.00,1.00
2017.02.07 12:13:39.689,8.88391,8.88533,1.00,1.00
2017.02.07 12:13:39.993,8.88383,8.88528,1.00,1.00
2017.02.07 12:13:40.043,8.88378,8.88519,1.00,1.00
2017.02.07 12:13:40.606,8.88377,8.88519,1.00,1.00
2017.02.07 12:13:41.523,8.88366,8.8851,1.00,1.00
2017.02.07 12:13:41.726,8.88365,8.88474,1.00,1.00
2017.02.07 12:13:42.055,8.88325,8.8847,1.00,1.00
2017.02.07 12:13:42.106,8.88317,8.88461,1.00,1.00
2017.02.07 12:13:42.509,8.883,8.88445,1.00,1.00
2017.02.07 12:13:43.038,8.88325,8.88467,1.00,1.00
2017.02.07 12:13:43.313,8.88331,8.88476,1.00,1.00
2017.02.07 12:13:43.515,8.88324,8.88468,1.00,1.00
2017.02.07 12:13:44.559,8.88332,8.88476,1.00,1.00
2017.02.07 12:13:44.783,8.88325,8.8847,1.00,1.00
2017.02.07 12:13:45.160,8.88312,8.88457,1.00,1.00
2017.02.07 12:13:45.483,8.88302,8.88447,1.00,1.00
2017.02.07 12:13:45.800,8.88309,8.88453,1.00,1.00
2017.02.07 12:13:46.754,8.88307,8.88452,1.00,1.00
2017.02.07 12:13:47.556,8.88312,8.88457,1.00,1.00
2017.02.07 12:13:47.863,8.88331,8.88475,1.00,1.00
2017.02.07 12:13:48.682,8.88327,8.88468,1.00,1.00
2017.02.07 12:13:49.614,8.88327,8.88469,1.50,1.00
2017.02.07 12:13:49.970,8.88331,8.88475,1.00,1.00
2017.02.07 12:13:50.405,8.88348,8.88493,1.00,1.00
2017.02.07 12:13:50.970,8.88343,8.88487,1.00,1.00
2017.02.07 12:13:51.372,8.88348,8.88492,1.00,1.00
2017.02.07 12:13:52.593,8.88343,8.88487,1.00,1.00
2017.02.07 12:13:52.896,8.88332,8.88476,1.00,1.00
2017.02.07 12:13:53.223,8.88327,8.88466,1.00,1.00
2017.02.07 12:13:53.629,8.8833,8.88474,1.00,1.00
2017.02.07 12:13:54.407,8.88327,8.88466,1.00,1.00
2017.02.07 12:13:54.785,8.88327,8.8847,1.50,1.00
2017.02.07 12:13:54.886,8.88335,8.88477,1.00,1.00
2017.02.07 12:13:54.937,8.88344,8.88489,1.00,1.00
2017.02.07 12:13:55.089,8.88355,8.885,1.00,1.00
2017.02.07 12:13:56.710,8.88354,8.88499,1.00,1.00
2017.02.07 12:13:57.215,8.8835,8.88495,1.00,1.00
2017.02.07 12:13:57.520,8.88334,8.88479,1.00,1.00
2017.02.07 12:13:58.295,8.8833,8.88475,1.00,1.00
2017.02.07 12:13:58.689,8.88336,8.88481,1.00,1.00
2017.02.07 12:13:59.659,8.88333,8.88475,1.00,1.00
2017.02.07 12:13:59.966,8.88327,8.88468,1.00,1.00
2017.02.07 12:14:00.285,8.88329,8.88474,1.00,1.00
2017.02.07 12:14:01.567,8.88327,8.88468,1.00,1.00
2017.02.07 12:14:01.879,8.88327,8.88465,1.00,1.00
2017.02.07 12:14:02.347,8.88328,8.88473,1.00,1.00
2017.02.07 12:14:03.306,8.88329,8.88474,1.00,1.00
2017.02.07 12:14:04.358,8.8833,8.88475,1.00,1.00
2017.02.07 12:14:05.912,8.88327,8.88469,1.00,1.00
2017.02.07 12:14:07.849,8.88325,8.88469,1.00,1.00
2017.02.07 12:14:08.416,8.8833,8.88475,1.00,1.00
2017.02.07 12:14:09.464,8.88329,8.88474,1.00,1.00
2017.02.07 12:14:10.499,8.88323,8.88466,1.00,1.00
2017.02.07 12:14:10.550,8.88327,8.88471,1.00,1.00
2017.02.07 12:14:10.864,8.88327,8.88471,1.37,1.00
2017.02.07 12:14:11.737,8.88327,8.88471,1.37,1.00
2017.02.07 12:14:11.788,8.88327,8.88472,1.00,1.00
2017.02.07 12:14:13.806,8.88322,8.88467,1.00,1.00
2017.02.07 12:14:14.109,8.88321,8.88455,1.00,1.00
2017.02.07 12:14:14.853,8.88321,8.88451,1.00,1.00
2017.02.07 12:14:15.450,8.88321,8.88437,1.00,1.00
2017.02.07 12:14:15.501,8.88321,8.88446,1.00,1.00
2017.02.07 12:14:15.602,8.88301,8.88446,1.00,1.00
2017.02.07 12:14:15.955,8.8831,8.88453,1.00,1.00
2017.02.07 12:14:18.107,8.88303,8.88448,1.00,1.00
2017.02.07 12:14:18.753,8.88307,8.88452,1.00,1.00
2017.02.07 12:14:19.792,8.88306,8.88451,1.00,1.00
2017.02.07 12:14:20.394,8.88311,8.88456,1.00,1.00
2017.02.07 12:14:22.105,8.88338,8.88483,1.00,1.00
2017.02.07 12:14:22.414,8.88349,8.88493,1.00,1.00
2017.02.07 12:14:23.288,8.8834,8.88485,1.00,1.00
2017.02.07 12:14:23.389,8.88346,8.8849,1.00,1.00
2017.02.07 12:14:24.315,8.88341,8.88486,1.00,1.00
2017.02.07 12:14:24.416,8.88346,8.8849,1.00,1.00
2017.02.07 12:14:24.467,8.88358,8.88503,1.00,1.00
2017.02.07 12:14:24.670,8.88376,8.8852,1.00,1.00
2017.02.07 12:14:25.453,8.88386,8.88531,1.00,1.00
2017.02.07 12:14:25.504,8.88394,8.88538,1.00,1.00
2017.02.07 12:14:26.646,8.88397,8.88542,1.00,1.00
2017.02.07 12:14:26.696,8.8839,8.88534,1.00,1.00
2017.02.07 12:14:26.798,8.88383,8.88528,1.00,1.00
2017.02.07 12:14:27.152,8.88376,8.88521,1.00,1.00
2017.02.07 12:14:27.695,8.88366,8.88511,1.00,1.00
2017.02.07 12:14:28.731,8.88357,8.885,1.00,1.00
2017.02.07 12:14:28.782,8.88351,8.88496,1.00,1.00
2017.02.07 12:14:28.843,8.88348,8.8849,1.00,1.00
2017.02.07 12:14:28.995,8.88346,8.8849,1.00,1.00
2017.02.07 12:14:29.046,8.88353,8.88498,1.00,1.00
2017.02.07 12:14:29.097,8.88363,8.88508,1.00,1.00
2017.02.07 12:14:29.422,8.88372,8.88517,1.00,1.00
2017.02.07 12:14:30.083,8.88376,8.88521,1.00,1.00
2017.02.07 12:14:30.426,8.88372,8.88517,1.00,1.00
2017.02.07 12:14:31.265,8.88376,8.88521,1.00,1.00
2017.02.07 12:14:32.099,8.88378,8.88523,1.00,1.00
2017.02.07 12:14:33.807,8.88374,8.88519,1.00,1.00
2017.02.07 12:14:34.301,8.88365,8.8851,1.00,1.00
2017.02.07 12:14:34.793,8.88356,8.885,1.00,1.00
2017.02.07 12:14:36.073,8.88367,8.88511,1.00,1.00
2017.02.07 12:14:37.499,8.88372,8.88514,1.00,1.00
2017.02.07 12:14:37.550,8.88376,8.8852,1.00,1.00
2017.02.07 12:14:38.305,8.88384,8.88529,1.00,1.00
2017.02.07 12:14:38.412,8.88397,8.88541,1.00,1.00
2017.02.07 12:14:38.917,8.88396,8.8854,1.00,1.00
2017.02.07 12:14:39.617,8.88393,8.88537,1.00,1.00
2017.02.07 12:14:39.718,8.88387,8.88532,1.00,1.00
2017.02.07 12:14:41.799,8.88388,8.88532,1.00,1.00
2017.02.07 12:14:45.027,8.88381,8.88526,1.50,1.00
2017.02.07 12:14:45.078,8.88381,8.88521,1.00,1.00
2017.02.07 12:14:45.230,8.88376,8.88521,1.00,1.00
2017.02.07 12:14:45.281,8.8837,8.88515,1.00,1.00
2017.02.07 12:14:46.562,8.88376,8.88521,1.00,1.00
2017.02.07 12:14:46.899,8.88381,8.88526,1.00,1.00
2017.02.07 12:14:47.643,8.88377,8.88521,1.00,1.00
2017.02.07 12:14:48.514,8.88376,8.88521,1.00,1.00
2017.02.07 12:14:49.560,8.88375,8.8852,1.00,1.00
2017.02.07 12:14:49.863,8.88371,8.88516,1.00,1.00
2017.02.07 12:14:50.334,8.88386,8.88531,1.00,1.00
2017.02.07 12:14:50.637,8.88396,8.88542,1.00,1.00
2017.02.07 12:14:50.687,8.88385,8.88528,1.00,1.00
2017.02.07 12:14:50.788,8.88387,8.88532,1.00,1.00
2017.02.07 12:14:50.890,8.88403,8.88549,1.00,1.00
2017.02.07 12:14:51.526,8.88413,8.88559,1.00,1.00
2017.02.07 12:14:53.707,8.88418,8.88563,1.00,1.00
2017.02.07 12:14:54.586,8.8842,8.88565,1.00,1.00
2017.02.07 12:14:56.230,8.88414,8.88559,1.00,1.00
2017.02.07 12:14:56.533,8.8841,8.88555,1.00,1.00
2017.02.07 12:14:58.358,8.88418,8.88563,1.00,1.00
2017.02.07 12:14:59.715,8.88426,8.88571,1.00,1.00
2017.02.07 12:15:00.048,8.88445,8.8859,1.00,1.00
2017.02.07 12:15:00.363,8.88453,8.88598,1.00,1.00
2017.02.07 12:15:01.419,8.8845,8.88593,1.00,1.00
2017.02.07 12:15:02.485,8.88442,8.88588,1.00,1.00
2017.02.07 12:15:02.688,8.88438,8.88583,1.00,1.00
2017.02.07 12:15:03.002,8.88445,8.8859,1.00,1.00
2017.02.07 12:15:03.814,8.88448,8.88593,1.00,1.00
2017.02.07 12:15:04.136,8.88453,8.88598,1.00,1.00
2017.02.07 12:15:04.189,8.88429,8.88575,1.00,1.00
2017.02.07 12:15:04.261,8.88422,8.88561,1.00,1.00
2017.02.07 12:15:04.362,8.88425,8.8857,1.00,1.00
2017.02.07 12:15:05.158,8.88432,8.88578,1.00,1.00
2017.02.07 12:15:05.323,8.88428,8.88573,1.00,1.00
2017.02.07 12:15:05.673,8.88446,8.8859,1.00,1.00
2017.02.07 12:15:06.536,8.88449,8.88593,1.00,1.00
2017.02.07 12:15:07.134,8.88444,8.88588,1.00,1.00
2017.02.07 12:15:07.185,8.88426,8.88572,1.00,1.00
2017.02.07 12:15:07.236,8.88447,8.88594,1.00,1.00
2017.02.07 12:15:08.203,8.88447,8.88592,1.00,1.00
2017.02.07 12:15:08.537,8.88444,8.88587,1.00,1.00
2017.02.07 12:15:09.369,8.88441,8.88586,1.00,1.00
2017.02.07 12:15:10.835,8.88435,8.8858,1.00,1.00
2017.02.07 12:15:11.370,8.88427,8.88572,1.00,1.00
2017.02.07 12:15:11.687,8.88429,8.88573,1.00,1.00
2017.02.07 12:15:11.838,8.88422,8.88575,1.00,1.00
2017.02.07 12:15:11.889,8.88422,8.88557,1.00,1.00
2017.02.07 12:15:12.141,8.88333,8.88504,1.00,1.00
2017.02.07 12:15:12.243,8.88331,8.88545,1.00,1.00
2017.02.07 12:15:12.394,8.8835,8.88479,1.00,1.00
2017.02.07 12:15:12.445,8.88334,8.88479,1.00,1.00
2017.02.07 12:15:12.596,8.88355,8.88497,1.00,1.00
2017.02.07 12:15:12.818,8.88325,8.88487,1.00,1.00
2017.02.07 12:15:12.919,8.8834,8.88484,1.00,1.00
2017.02.07 12:15:12.970,8.8835,8.88509,1.00,1.00
2017.02.07 12:15:13.071,8.88334,8.88476,1.00,1.00
2017.02.07 12:15:13.173,8.88331,8.88476,1.00,1.00
2017.02.07 12:15:13.274,8.8833,8.88491,1.00,1.00
2017.02.07 12:15:13.426,8.88346,8.88488,1.00,1.00
2017.02.07 12:15:13.882,8.8833,8.88491,1.00,1.00
2017.02.07 12:15:14.342,8.88345,8.88507,1.00,1.00
2017.02.07 12:15:14.494,8.88334,8.8848,1.00,1.00
2017.02.07 12:15:14.596,8.88325,8.88486,1.00,1.00
2017.02.07 12:15:14.748,8.88341,8.88502,1.00,1.00
2017.02.07 12:15:15.002,8.88273,8.8844,1.00,1.00
2017.02.07 12:15:15.103,8.88263,8.8844,1.00,1.00
2017.02.07 12:15:15.204,8.88236,8.88442,1.37,1.00
2017.02.07 12:15:15.385,8.88265,8.88426,1.00,1.00
2017.02.07 12:15:15.689,8.88276,8.88438,1.00,1.00
2017.02.07 12:15:15.842,8.88287,8.88448,1.00,1.00
2017.02.07 12:15:16.401,8.88296,8.88458,1.00,1.00
2017.02.07 12:15:16.603,8.88289,8.88448,1.00,1.00
2017.02.07 12:15:16.832,8.88279,8.8844,1.00,1.00
2017.02.07 12:15:16.883,8.88261,8.88421,1.00,1.00
2017.02.07 12:15:17.187,8.88272,8.88431,1.00,1.00
2017.02.07 12:15:18.876,8.88272,8.88434,1.00,1.00
2017.02.07 12:15:20.070,8.88267,8.88428,1.00,1.00
2017.02.07 12:15:20.374,8.88232,8.88393,1.00,1.00
2017.02.07 12:15:21.081,8.88238,8.88399,1.00,1.00
2017.02.07 12:15:22.079,8.88242,8.88402,1.00,1.00
2017.02.07 12:15:22.438,8.88249,8.88393,1.00,1.00
2017.02.07 12:15:23.155,8.88246,8.88391,1.00,1.00
2017.02.07 12:15:24.154,8.88248,8.8839,1.00,1.00
2017.02.07 12:15:26.913,8.8825,8.88394,1.00,1.00
2017.02.07 12:15:27.549,8.88257,8.88401,1.00,1.00
2017.02.07 12:15:28.563,8.88253,8.88396,1.00,1.00
2017.02.07 12:15:28.885,8.8826,8.88396,1.00,1.00
2017.02.07 12:15:29.656,8.88265,8.88401,1.00,1.00
2017.02.07 12:15:30.227,8.88254,8.8839,1.00,1.00
2017.02.07 12:15:30.601,8.88237,8.88373,1.00,1.00
2017.02.07 12:15:30.903,8.88223,8.88359,1.00,1.00
2017.02.07 12:15:31.007,8.88211,8.88367,1.00,1.00
2017.02.07 12:15:31.109,8.88203,8.88339,1.00,1.00
2017.02.07 12:15:31.313,8.88183,8.8832,1.00,1.00
2017.02.07 12:15:31.364,8.88167,8.88303,1.00,1.00
2017.02.07 12:15:31.667,8.88191,8.88327,1.00,1.00
2017.02.07 12:15:32.409,8.88186,8.88322,1.00,1.00
2017.02.07 12:15:32.980,8.88193,8.8833,1.00,1.00
2017.02.07 12:15:36.363,8.88188,8.88325,1.00,1.00
2017.02.07 12:15:36.682,8.88198,8.88335,1.00,1.00
2017.02.07 12:15:37.508,8.88199,8.88336,1.00,1.00
2017.02.07 12:15:37.838,8.88195,8.88331,1.00,1.00
2017.02.07 12:15:38.059,8.88189,8.88326,1.00,1.00
2017.02.07 12:15:38.330,8.88196,8.88332,1.00,1.00
2017.02.07 12:15:38.634,8.88206,8.88342,1.00,1.00
2017.02.07 12:15:38.937,8.88179,8.88313,1.00,1.00
2017.02.07 12:15:38.988,8.8819,8.88326,1.00,1.00
2017.02.07 12:15:39.990,8.8819,8.88327,1.00,1.00
2017.02.07 12:15:41.971,8.88191,8.88328,1.00,1.00
2017.02.07 12:15:44.284,8.88184,8.8832,1.00,1.00
2017.02.07 12:15:44.587,8.8819,8.88326,1.00,1.00
2017.02.07 12:15:45.935,8.88195,8.88331,1.00,1.00
2017.02.07 12:15:46.191,8.88188,8.88325,1.00,1.00
2017.02.07 12:15:46.242,8.88192,8.88333,1.00,1.00
2017.02.07 12:15:46.293,8.88208,8.88333,1.00,1.00
2017.02.07 12:15:46.718,8.88188,8.88317,1.37,1.00
2017.02.07 12:15:46.768,8.88188,8.88317,1.00,1.00
2017.02.07 12:15:47.027,8.88212,8.8834,1.00,1.00
2017.02.07 12:15:47.178,8.88218,8.88359,1.00,1.00
2017.02.07 12:15:48.154,8.88229,8.8837,1.00,1.00
2017.02.07 12:15:48.501,8.88223,8.88364,1.00,1.00
2017.02.07 12:15:49.126,8.88226,8.88369,1.00,1.00
2017.02.07 12:15:49.566,8.8822,8.88363,1.00,1.00
2017.02.07 12:15:49.869,8.88215,8.88356,1.00,1.00
2017.02.07 12:15:50.604,8.88217,8.8836,1.00,1.00
2017.02.07 12:15:50.971,8.88213,8.88356,1.50,1.00
2017.02.07 12:15:51.430,8.88219,8.88362,1.00,1.00
2017.02.07 12:15:51.735,8.88229,8.8837,1.00,1.00
2017.02.07 12:15:52.433,8.88223,8.88366,1.00,1.00
2017.02.07 12:15:52.635,8.8823,8.88373,1.00,1.00
2017.02.07 12:15:52.942,8.88237,8.8838,1.00,1.00
2017.02.07 12:15:53.308,8.88247,8.8839,1.00,1.00
2017.02.07 12:15:54.314,8.88248,8.88391,1.00,1.00
2017.02.07 12:15:56.952,8.88246,8.8839,1.00,1.00
2017.02.07 12:15:58.804,8.88268,8.88411,1.00,1.00
2017.02.07 12:15:59.108,8.88281,8.88413,1.00,1.00
2017.02.07 12:15:59.412,8.88286,8.88416,1.00,1.00
2017.02.07 12:16:01.138,8.88292,8.88422,1.00,1.00
2017.02.07 12:16:01.461,8.88296,8.88426,1.00,1.00
2017.02.07 12:16:02.106,8.8829,8.8842,1.00,1.00
2017.02.07 12:16:02.721,8.88295,8.88425,1.00,1.00
2017.02.07 12:16:03.042,8.88301,8.88428,1.00,1.00
2017.02.07 12:16:03.548,8.883,8.88427,1.00,1.00
2017.02.07 12:16:03.975,8.88322,8.88449,1.00,1.00
2017.02.07 12:16:04.052,8.8829,8.88418,1.00,1.00
2017.02.07 12:16:04.506,8.88278,8.88405,1.00,1.00
2017.02.07 12:16:04.810,8.88288,8.88414,1.00,1.00
2017.02.07 12:16:05.164,8.88308,8.88435,1.00,1.00
2017.02.07 12:16:05.315,8.8831,8.88438,1.00,1.00
2017.02.07 12:16:06.181,8.88303,8.8843,1.00,1.00
2017.02.07 12:16:06.561,8.88292,8.8842,1.00,1.00
2017.02.07 12:16:06.611,8.88291,8.88418,1.00,1.00
2017.02.07 12:16:06.954,8.88301,8.88428,1.00,1.00
2017.02.07 12:16:07.898,8.88292,8.88419,1.00,1.00
2017.02.07 12:16:08.151,8.88301,8.88429,1.00,1.00
2017.02.07 12:16:08.705,8.88309,8.88437,1.00,1.00
2017.02.07 12:16:09.016,8.88325,8.88452,1.00,1.00
2017.02.07 12:16:09.719,8.88321,8.88449,1.00,1.00
2017.02.07 12:16:11.982,8.88324,8.88451,1.00,1.00
2017.02.07 12:16:12.690,8.88317,8.88445,1.00,1.00
2017.02.07 12:16:13.442,8.88322,8.88449,1.00,1.00
2017.02.07 12:16:15.610,8.88326,8.88454,1.00,1.00
2017.02.07 12:16:16.853,8.8832,8.88447,1.00,1.00
2017.02.07 12:16:17.170,8.88329,8.88456,1.00,1.00
2017.02.07 12:16:19.022,8.88331,8.88459,1.00,1.00
2017.02.07 12:16:19.191,8.88344,8.88469,1.00,1.00
2017.02.07 12:16:19.242,8.88351,8.88479,1.00,1.00
2017.02.07 12:16:19.292,8.88362,8.88489,1.00,1.00
2017.02.07 12:16:19.444,8.88363,8.88491,1.00,1.00
2017.02.07 12:16:20.007,8.88374,8.88501,1.00,1.00
2017.02.07 12:16:22.666,8.88368,8.88496,1.00,1.00
2017.02.07 12:16:22.946,8.88375,8.885,1.00,1.00
2017.02.07 12:16:23.602,8.8836,8.88487,1.00,1.00
2017.02.07 12:16:24.599,8.8836,8.88488,1.00,1.00
2017.02.07 12:16:26.895,8.88364,8.88492,1.00,1.00
2017.02.07 12:16:30.364,8.8837,8.88496,1.00,1.00
2017.02.07 12:16:30.778,8.88374,8.88502,1.00,1.00
2017.02.07 12:16:31.413,8.88363,8.8849,1.00,1.00
2017.02.07 12:16:31.716,8.88337,8.88464,1.00,1.00
2017.02.07 12:16:32.070,8.88351,8.88478,1.00,1.00
2017.02.07 12:16:32.373,8.88362,8.88489,1.00,1.00
2017.02.07 12:16:32.649,8.8835,8.88478,1.00,1.00
2017.02.07 12:16:32.700,8.88322,8.88449,1.00,1.00
2017.02.07 12:16:32.801,8.88334,8.88462,1.00,1.00
2017.02.07 12:16:33.261,8.88366,8.88493,1.00,1.00
2017.02.07 12:16:33.565,8.88355,8.88483,1.00,1.00
2017.02.07 12:16:33.616,8.88339,8.88467,1.00,1.00
2017.02.07 12:16:34.259,8.88333,8.8846,1.00,1.00
2017.02.07 12:16:34.462,8.88365,8.88493,1.00,1.00
2017.02.07 12:16:34.816,8.88356,8.88484,1.00,1.00
2017.02.07 12:16:35.281,8.88346,8.88471,1.00,1.00
2017.02.07 12:16:35.331,8.88355,8.88483,1.00,1.00
2017.02.07 12:16:36.009,8.8835,8.88477,1.00,1.00
2017.02.07 12:16:36.485,8.8834,8.88467,1.00,1.00
2017.02.07 12:16:37.002,8.88341,8.88469,1.00,1.00
2017.02.07 12:16:37.672,8.88331,8.88457,1.00,1.00
2017.02.07 12:16:37.722,8.88341,8.88468,1.00,1.00
2017.02.07 12:16:38.972,8.88346,8.88473,1.00,1.00
2017.02.07 12:16:39.305,8.88354,8.88481,1.00,1.00
2017.02.07 12:16:39.624,8.88364,8.88491,1.00,1.00
2017.02.07 12:16:39.844,8.88339,8.88467,1.00,1.00
2017.02.07 12:16:40.330,8.88352,8.88478,1.00,1.00
2017.02.07 12:16:40.773,8.88355,8.88483,1.00,1.00
2017.02.07 12:16:40.879,8.88362,8.88488,1.00,1.00
2017.02.07 12:16:40.980,8.8837,8.88497,1.00,1.00
2017.02.07 12:16:41.260,8.88361,8.88489,1.00,1.00
2017.02.07 12:16:41.875,8.88355,8.88483,1.00,1.00
2017.02.07 12:16:42.879,8.88357,8.88484,1.00,1.00
2017.02.07 12:16:43.437,8.88345,8.88472,1.00,1.00
2017.02.07 12:16:43.914,8.88332,8.88459,1.00,1.00
2017.02.07 12:16:44.180,8.88251,8.88379,1.00,1.00
2017.02.07 12:16:44.956,8.88245,8.88372,1.00,1.00
2017.02.07 12:16:46.478,8.88225,8.88318,1.00,1.00
2017.02.07 12:16:46.579,8.88225,8.88329,1.00,1.00
2017.02.07 12:16:46.630,8.88217,8.88329,1.00,1.00
2017.02.07 12:16:46.731,8.88202,8.88329,1.00,1.00
2017.02.07 12:16:47.240,8.88201,8.88327,1.00,1.00
2017.02.07 12:16:47.546,8.88199,8.88316,1.00,1.00
2017.02.07 12:16:48.050,8.88198,8.88316,1.00,1.00
2017.02.07 12:16:48.681,8.88191,8.8831,1.00,1.00
2017.02.07 12:16:48.868,8.88193,8.88329,1.00,1.00
2017.02.07 12:16:49.265,8.88204,8.8834,1.00,1.50
2017.02.07 12:16:50.355,8.88219,8.88338,1.00,1.00
2017.02.07 12:16:51.610,8.88214,8.88333,1.00,1.00
2017.02.07 12:16:51.913,8.88197,8.88316,1.00,1.00
2017.02.07 12:16:52.669,8.88192,8.8831,1.00,1.00
2017.02.07 12:16:53.036,8.88186,8.88305,1.00,1.00
2017.02.07 12:16:53.620,8.88193,8.88311,1.00,1.00
2017.02.07 12:16:53.996,8.882,8.88318,1.00,1.00
2017.02.07 12:16:54.604,8.88195,8.88313,1.00,1.00
2017.02.07 12:16:54.655,8.882,8.88319,1.00,1.00
2017.02.07 12:16:54.756,8.88155,8.88319,1.05,1.00
2017.02.07 12:16:54.807,8.88172,8.88291,1.00,1.00
2017.02.07 12:16:55.177,8.88194,8.88312,1.00,1.00
2017.02.07 12:16:56.225,8.88188,8.88305,1.00,1.00
2017.02.07 12:16:56.326,8.88195,8.88313,1.00,1.00
2017.02.07 12:16:57.333,8.8819,8.88308,1.00,1.00
2017.02.07 12:16:57.652,8.88195,8.88313,1.00,1.00
2017.02.07 12:16:58.703,8.88201,8.88319,1.00,1.00
2017.02.07 12:17:00.599,8.88176,8.88305,1.00,1.00
2017.02.07 12:17:00.650,8.88126,8.88282,1.50,1.00
2017.02.07 12:17:00.751,8.88145,8.88262,1.00,1.00
2017.02.07 12:17:01.614,8.88151,8.88268,1.00,1.00
2017.02.07 12:17:02.029,8.88158,8.88276,1.00,1.00
2017.02.07 12:17:02.989,8.88165,8.88281,1.00,1.00
2017.02.07 12:17:03.556,8.8816,8.88276,1.00,1.00
2017.02.07 12:17:04.113,8.88164,8.88282,1.00,1.00
2017.02.07 12:17:05.069,8.88159,8.88277,1.00,1.00
2017.02.07 12:17:05.353,8.88118,8.88277,1.00,1.00
2017.02.07 12:17:05.403,8.88123,8.88241,1.00,1.00
2017.02.07 12:17:05.706,8.88112,8.8823,1.00,1.00
2017.02.07 12:17:06.010,8.88125,8.88243,1.00,1.00
2017.02.07 12:17:09.025,8.88124,8.88242,1.00,1.00
2017.02.07 12:17:10.198,8.88118,8.88236,1.00,1.00
2017.02.07 12:17:11.083,8.88124,8.88242,1.00,1.00
2017.02.07 12:17:11.386,8.88119,8.88237,1.00,1.00
2017.02.07 12:17:11.790,8.88145,8.88262,1.00,1.00
2017.02.07 12:17:11.891,8.88129,8.88247,1.00,1.00
2017.02.07 12:17:11.942,8.88148,8.88265,1.00,1.00
2017.02.07 12:17:12.091,8.88139,8.88257,1.00,1.00
2017.02.07 12:17:12.344,8.88158,8.88275,1.00,1.00
2017.02.07 12:17:13.295,8.88155,8.88272,1.00,1.00
2017.02.07 12:17:14.536,8.88157,8.88278,1.00,1.00
2017.02.07 12:17:14.587,8.88158,8.88299,1.00,1.00
2017.02.07 12:17:14.638,8.88174,8.88292,1.00,1.00
2017.02.07 12:17:14.941,8.88187,8.88305,1.00,1.00
2017.02.07 12:17:15.244,8.88134,8.88251,1.00,1.00
2017.02.07 12:17:16.016,8.8813,8.88247,1.00,1.00
2017.02.07 12:17:17.043,8.88132,8.8825,1.00,1.00
2017.02.07 12:17:18.721,8.88135,8.88252,1.00,1.00
2017.02.07 12:17:19.511,8.88115,8.88233,1.00,1.00
2017.02.07 12:17:19.763,8.88121,8.88239,1.00,1.00
2017.02.07 12:17:20.191,8.88109,8.88227,1.00,1.00
2017.02.07 12:17:20.504,8.88125,8.88242,1.00,1.00
2017.02.07 12:17:24.056,8.88122,8.8824,1.00,1.00
2017.02.07 12:17:25.792,8.88128,8.88246,1.00,1.00
2017.02.07 12:17:26.545,8.88133,8.88251,1.00,1.00
2017.02.07 12:17:26.848,8.88138,8.88256,1.00,1.00
2017.02.07 12:17:27.578,8.88142,8.8826,1.00,1.00
2017.02.07 12:17:27.879,8.88146,8.88264,1.00,1.00
2017.02.07 12:17:28.825,8.88147,8.88265,1.00,1.00
2017.02.07 12:17:31.235,8.88131,8.88247,1.00,1.00
2017.02.07 12:17:31.358,8.88136,8.88254,1.00,1.00
2017.02.07 12:17:31.510,8.88144,8.88262,1.00,1.00
2017.02.07 12:17:32.242,8.88139,8.88254,1.00,1.00
2017.02.07 12:17:32.494,8.88143,8.88261,1.00,1.00
2017.02.07 12:17:33.366,8.88145,8.88285,1.00,1.00
2017.02.07 12:17:33.959,8.8814,8.8828,1.00,1.00
2017.02.07 12:17:34.421,8.88135,8.88275,1.00,1.00
2017.02.07 12:17:35.433,8.88132,8.88272,1.00,1.00
2017.02.07 12:17:35.768,8.88138,8.88278,1.00,1.00
2017.02.07 12:17:36.568,8.88139,8.88279,1.00,1.00
2017.02.07 12:17:36.879,8.88146,8.88286,1.00,1.00
2017.02.07 12:17:37.199,8.88131,8.88271,1.00,1.00
2017.02.07 12:17:38.237,8.88121,8.88261,1.00,1.00
2017.02.07 12:17:39.261,8.88123,8.88263,1.00,1.00
2017.02.07 12:17:39.991,8.88128,8.88265,1.00,1.00
2017.02.07 12:17:42.163,8.88124,8.88264,1.00,1.00
2017.02.07 12:17:42.264,8.88132,8.88265,1.00,1.00
2017.02.07 12:17:42.568,8.8814,8.88265,1.00,1.00
2017.02.07 12:17:42.821,8.88129,8.88265,1.00,1.00
2017.02.07 12:17:42.922,8.88138,8.88265,1.00,1.00
2017.02.07 12:17:43.254,8.88129,8.88265,1.00,1.00
2017.02.07 12:17:43.305,8.88121,8.88261,1.00,1.00
2017.02.07 12:17:44.296,8.88124,8.88264,1.00,1.00
2017.02.07 12:17:45.328,8.88126,8.88265,1.00,1.00
2017.02.07 12:17:45.998,8.88121,8.88261,1.00,1.00
2017.02.07 12:17:46.049,8.88114,8.88254,1.00,1.00
2017.02.07 12:17:47.166,8.88118,8.88256,1.00,1.00
2017.02.07 12:17:48.306,8.88117,8.88257,1.00,1.00
2017.02.07 12:17:48.611,8.88095,8.88235,1.00,1.00
2017.02.07 12:17:48.962,8.88095,8.88231,1.00,1.00
2017.02.07 12:17:49.508,8.88094,8.88231,1.00,1.00
2017.02.07 12:17:51.154,8.88089,8.88229,1.00,1.00
2017.02.07 12:17:51.329,8.88029,8.88169,1.00,1.00
2017.02.07 12:17:52.212,8.88033,8.88173,1.00,1.00
2017.02.07 12:17:52.538,8.88036,8.88176,1.00,1.00
2017.02.07 12:17:53.483,8.88037,8.88177,1.00,1.00
2017.02.07 12:17:54.210,8.88042,8.88182,1.00,1.00
2017.02.07 12:17:56.744,8.88047,8.88187,1.00,1.00
2017.02.07 12:17:57.169,8.88042,8.88182,1.00,1.00
2017.02.07 12:17:57.987,8.88047,8.88187,1.00,1.00
2017.02.07 12:17:58.315,8.88058,8.88198,1.00,1.00
2017.02.07 12:17:58.618,8.88069,8.88209,1.00,1.00
2017.02.07 12:17:58.934,8.88054,8.88194,1.00,1.00
2017.02.07 12:17:59.086,8.88065,8.88206,1.00,1.00
2017.02.07 12:18:00.075,8.88063,8.88203,1.00,1.00
2017.02.07 12:18:00.910,8.88053,8.88193,1.00,1.00
2017.02.07 12:18:01.299,8.88048,8.88186,1.00,1.00
2017.02.07 12:18:01.350,8.88053,8.88193,1.00,1.00
2017.02.07 12:18:02.191,8.88058,8.88196,1.00,1.00
2017.02.07 12:18:02.242,8.8807,8.8821,1.00,1.00
2017.02.07 12:18:02.343,8.88053,8.88193,1.00,1.00
2017.02.07 12:18:03.463,8.88048,8.88188,1.00,1.00
2017.02.07 12:18:04.204,8.88043,8.88183,1.00,1.00
2017.02.07 12:18:04.518,8.8805,8.8819,1.00,1.00
2017.02.07 12:18:04.821,8.88077,8.88217,1.00,1.00
2017.02.07 12:18:05.583,8.88083,8.88221,1.00,1.00
2017.02.07 12:18:05.814,8.88075,8.88215,1.00,1.00
2017.02.07 12:18:06.378,8.88083,8.88223,1.00,1.00
2017.02.07 12:18:06.739,8.8807,8.8821,1.00,1.00
2017.02.07 12:18:07.042,8.88059,8.88199,1.00,1.00
2017.02.07 12:18:07.757,8.88054,8.88194,1.00,1.00
2017.02.07 12:18:09.183,8.88055,8.88195,1.00,1.00
2017.02.07 12:18:12.261,8.88056,8.88196,1.00,1.00
2017.02.07 12:18:14.242,8.88021,8.88193,1.37,1.00
2017.02.07 12:18:14.317,8.88017,8.88155,1.00,1.00
2017.02.07 12:18:14.368,8.8803,8.8817,1.00,1.00
2017.02.07 12:18:14.520,8.88007,8.88168,1.00,1.00
2017.02.07 12:18:14.571,8.8802,8.8816,1.00,1.00
2017.02.07 12:18:14.924,8.87997,8.88137,1.00,1.00
2017.02.07 12:18:15.226,8.87984,8.88124,1.00,1.00
2017.02.07 12:18:15.529,8.87974,8.88114,1.00,1.00
2017.02.07 12:18:16.497,8.87964,8.88104,1.00,1.00
2017.02.07 12:18:17.501,8.87968,8.88108,1.00,1.00
2017.02.07 12:18:18.354,8.87962,8.881,1.00,1.00
2017.02.07 12:18:18.999,8.87966,8.88104,1.00,1.00
2017.02.07 12:18:20.005,8.87964,8.88104,1.00,1.00
2017.02.07 12:18:20.610,8.87953,8.88093,1.00,1.00
2017.02.07 12:18:21.153,8.87952,8.88092,1.00,1.00
2017.02.07 12:18:21.607,8.87961,8.88101,1.00,1.00
2017.02.07 12:18:22.011,8.87954,8.88094,1.00,1.00
2017.02.07 12:18:22.929,8.87962,8.88102,1.00,1.00
2017.02.07 12:18:23.868,8.87964,8.88104,1.00,1.00
2017.02.07 12:18:24.171,8.87961,8.88101,1.00,1.00
2017.02.07 12:18:24.423,8.87895,8.88036,1.00,1.00
2017.02.07 12:18:24.474,8.87915,8.88036,1.00,1.00
2017.02.07 12:18:24.525,8.87913,8.88054,1.00,1.00
2017.02.07 12:18:24.826,8.87917,8.88054,1.00,1.00
2017.02.07 12:18:25.432,8.87918,8.88059,1.00,1.00
2017.02.07 12:18:25.534,8.87924,8.88064,1.00,1.00
2017.02.07 12:18:25.887,8.87933,8.88072,1.00,1.00
2017.02.07 12:18:26.221,8.87958,8.88088,1.00,1.00
2017.02.07 12:18:26.376,8.87966,8.88101,1.00,1.00
2017.02.07 12:18:26.781,8.87966,8.88106,1.00,1.00
2017.02.07 12:18:26.933,8.87974,8.88115,1.00,1.00
2017.02.07 12:18:27.086,8.87968,8.88109,1.00,1.00
2017.02.07 12:18:28.514,8.87958,8.88083,1.00,1.00
2017.02.07 12:18:28.616,8.87937,8.88078,1.00,1.00
2017.02.07 12:18:29.120,8.87948,8.88089,1.00,1.00
2017.02.07 12:18:29.442,8.87959,8.881,1.00,1.00
2017.02.07 12:18:30.026,8.87959,8.88098,1.00,1.00
2017.02.07 12:18:30.627,8.87962,8.88098,1.00,1.00
2017.02.07 12:18:31.206,8.87962,8.88102,1.00,1.50
2017.02.07 12:18:32.195,8.87963,8.88102,1.00,1.00
2017.02.07 12:18:32.246,8.88003,8.88102,2.10,1.00
2017.02.07 12:18:32.297,8.88003,8.8813,2.85,1.00
2017.02.07 12:18:32.348,8.88013,8.8813,1.60,1.00
2017.02.07 12:18:32.399,8.88003,8.8813,1.60,1.00
2017.02.07 12:18:32.568,8.88059,8.88215,1.00,1.00
2017.02.07 12:18:32.672,8.88079,8.8822,1.00,1.00
2017.02.07 12:18:33.328,8.88074,8.88228,1.00,1.00
2017.02.07 12:18:33.686,8.88079,8.88228,1.00,1.00
2017.02.07 12:18:33.787,8.88079,8.88243,1.00,1.00
2017.02.07 12:18:34.276,8.88098,8.88248,1.00,1.00
2017.02.07 12:18:34.428,8.88119,8.88274,1.00,1.00
2017.02.07 12:18:34.529,8.8813,8.88274,1.00,1.00
2017.02.07 12:18:34.672,8.8813,8.88292,1.00,1.00
2017.02.07 12:18:34.984,8.88124,8.88299,1.00,1.00
2017.02.07 12:18:35.034,8.88124,8.88282,1.00,1.00
2017.02.07 12:18:35.312,8.88115,8.88279,1.00,1.00
2017.02.07 12:18:36.105,8.88115,8.88271,1.00,1.00
2017.02.07 12:18:36.257,8.88115,8.88284,1.00,1.00
2017.02.07 12:18:36.358,8.88117,8.88297,1.00,1.00
2017.02.07 12:18:36.459,8.88134,8.88305,1.00,1.00
2017.02.07 12:18:37.401,8.88148,8.88305,1.00,1.00
2017.02.07 12:18:37.502,8.88159,8.88333,1.00,1.00
2017.02.07 12:18:37.603,8.88159,8.88327,1.00,1.00
2017.02.07 12:18:37.973,8.88159,8.88316,1.00,1.00
2017.02.07 12:18:38.444,8.88135,8.883,1.00,1.00
2017.02.07 12:18:39.542,8.88135,8.88304,1.00,1.00
2017.02.07 12:18:39.966,8.88135,8.88308,1.00,1.00
2017.02.07 12:18:40.585,8.88135,8.88293,1.00,1.00
2017.02.07 12:18:40.958,8.88123,8.88267,1.00,1.00
2017.02.07 12:18:41.142,8.8811,8.88267,1.00,1.00
2017.02.07 12:18:41.596,8.8811,8.88257,1.00,1.00
2017.02.07 12:18:42.014,8.8811,8.88262,1.00,1.00
2017.02.07 12:18:42.949,8.8811,8.88266,1.00,1.00
2017.02.07 12:18:43.662,8.8811,8.88268,1.00,1.00
2017.02.07 12:18:43.818,8.8811,8.8826,1.00,1.00
2017.02.07 12:18:44.730,8.88087,8.88229,1.00,1.00
2017.02.07 12:18:44.781,8.88059,8.88229,1.00,1.00
2017.02.07 12:18:45.137,8.88059,8.88219,1.00,1.00
2017.02.07 12:18:46.079,8.88071,8.88239,1.00,1.00
2017.02.07 12:18:46.130,8.88071,8.88259,1.00,1.00
2017.02.07 12:18:46.181,8.88089,8.88259,1.00,1.00
2017.02.07 12:18:46.389,8.88089,8.88264,1.00,1.00
2017.02.07 12:18:46.541,8.88094,8.88262,1.00,1.00
2017.02.07 12:18:48.353,8.88089,8.88264,1.00,1.00
2017.02.07 12:18:48.404,8.88089,8.88227,1.00,1.00
2017.02.07 12:18:50.117,8.88089,8.88232,1.00,1.00
2017.02.07 12:18:50.396,8.8809,8.88256,1.00,1.00
2017.02.07 12:18:50.773,8.88101,8.88264,1.00,1.00
2017.02.07 12:18:53.064,8.88089,8.88264,1.00,1.00
2017.02.07 12:18:53.115,8.88089,8.88231,1.00,1.00
2017.02.07 12:18:53.419,8.88089,8.88223,1.00,1.00
2017.02.07 12:18:54.097,8.88089,8.88227,1.00,1.00
2017.02.07 12:18:54.661,8.88089,8.88226,1.00,1.00
2017.02.07 12:18:55.236,8.88089,8.88231,1.00,1.00
2017.02.07 12:18:57.271,8.88089,8.88236,1.00,1.00
2017.02.07 12:18:57.437,8.88089,8.88231,1.00,1.00
2017.02.07 12:18:57.757,8.88089,8.88223,1.00,1.00
2017.02.07 12:18:58.610,8.88089,8.88228,1.00,1.00
2017.02.07 12:18:59.373,8.88089,8.88233,1.00,1.00
2017.02.07 12:18:59.424,8.88094,8.88255,1.00,1.00
2017.02.07 12:18:59.717,8.88108,8.88255,1.00,1.00
2017.02.07 12:18:59.869,8.88108,8.88264,1.00,1.00
2017.02.07 12:19:00.123,8.88108,8.88255,1.00,1.00
2017.02.07 12:19:01.181,8.88108,8.88254,1.00,1.00
2017.02.07 12:19:01.304,8.88079,8.88254,1.50,1.00
2017.02.07 12:19:01.355,8.88059,8.88215,1.00,1.00
2017.02.07 12:19:02.201,8.88059,8.88209,1.00,1.00
2017.02.07 12:19:03.204,8.88059,8.88208,1.00,1.00
2017.02.07 12:19:03.506,8.88059,8.88204,1.00,1.00
2017.02.07 12:19:03.957,8.88059,8.88198,1.00,1.00
2017.02.07 12:19:04.108,8.8803,8.88181,1.00,1.00
2017.02.07 12:19:04.455,8.8803,8.88183,1.00,1.00
2017.02.07 12:19:05.346,8.88032,8.88186,1.00,1.00
2017.02.07 12:19:05.627,8.88039,8.88193,1.00,1.00
2017.02.07 12:19:06.052,8.8805,8.882,1.00,1.00
2017.02.07 12:19:06.430,8.8805,8.88193,1.00,1.00
2017.02.07 12:19:06.683,8.88034,8.88188,1.00,1.00
2017.02.07 12:19:06.978,8.88042,8.88196,1.00,1.00
2017.02.07 12:19:07.420,8.88028,8.88181,1.00,1.00
2017.02.07 12:19:07.471,8.8803,8.88184,1.00,1.00
2017.02.07 12:19:08.431,8.88031,8.88185,1.00,1.00
2017.02.07 12:19:09.313,8.88044,8.88184,1.00,1.00
2017.02.07 12:19:10.280,8.88046,8.88186,1.00,1.00
2017.02.07 12:19:10.935,8.88041,8.88181,1.00,1.00
2017.02.07 12:19:12.339,8.88039,8.88179,1.00,1.00
2017.02.07 12:19:12.642,8.88037,8.88177,1.00,1.00
2017.02.07 12:19:13.429,8.88015,8.88155,1.00,1.00
2017.02.07 12:19:13.753,8.88026,8.88166,1.00,1.00
2017.02.07 12:19:14.522,8.88033,8.88173,1.00,1.00
2017.02.07 12:19:14.850,8.88038,8.88178,1.00,1.00
2017.02.07 12:19:15.918,8.88033,8.88173,1.00,1.00
2017.02.07 12:19:16.222,8.88019,8.88159,1.00,1.00
2017.02.07 12:19:16.551,8.88029,8.88169,1.00,1.00
2017.02.07 12:19:16.768,8.88015,8.88171,1.00,1.00
2017.02.07 12:19:16.819,8.88008,8.88147,1.00,1.00
2017.02.07 12:19:17.335,8.88007,8.88147,1.00,1.00
2017.02.07 12:19:17.819,8.87999,8.88139,1.00,1.00
2017.02.07 12:19:18.402,8.87996,8.88136,1.00,1.00
2017.02.07 12:19:18.772,8.88002,8.88142,1.00,1.00
2017.02.07 12:19:19.353,8.88008,8.88148,1.00,1.00
2017.02.07 12:19:19.934,8.88002,8.88142,1.00,1.00
2017.02.07 12:19:20.254,8.88018,8.88158,1.00,1.00
2017.02.07 12:19:20.557,8.88028,8.88168,1.00,1.00
2017.02.07 12:19:20.864,8.88037,8.88176,1.00,1.00
2017.02.07 12:19:21.889,8.88038,8.88178,1.00,1.00
2017.02.07 12:19:23.254,8.88048,8.88188,1.00,1.50
2017.02.07 12:19:23.637,8.88054,8.88194,1.00,1.00
2017.02.07 12:19:23.942,8.88026,8.88172,1.00,1.00
2017.02.07 12:19:23.993,8.88015,8.88155,1.00,1.00
2017.02.07 12:19:24.296,8.88004,8.88142,1.00,1.00
2017.02.07 12:19:25.058,8.88008,8.88148,1.00,1.00
2017.02.07 12:19:25.398,8.88004,8.88142,1.00,1.00
2017.02.07 12:19:25.700,8.88004,8.88136,1.00,1.00
2017.02.07 12:19:25.883,8.87996,8.88136,1.00,1.00
2017.02.07 12:19:27.377,8.87995,8.88135,1.00,1.00
2017.02.07 12:19:27.748,8.87991,8.88131,1.00,1.00
2017.02.07 12:19:28.761,8.8799,8.8813,1.00,1.00
2017.02.07 12:19:29.181,8.87985,8.88125,1.00,1.00
2017.02.07 12:19:30.317,8.8799,8.8813,1.00,1.00
2017.02.07 12:19:31.124,8.88005,8.88145,1.00,1.00
2017.02.07 12:19:31.427,8.88011,8.88151,1.00,1.00
2017.02.07 12:19:31.731,8.87995,8.88135,1.00,1.00
2017.02.07 12:19:32.161,8.88007,8.88147,1.00,1.00
2017.02.07 12:19:33.043,8.88011,8.88151,1.00,1.00
2017.02.07 12:19:35.501,8.88006,8.88146,1.00,1.00
2017.02.07 12:19:37.297,8.8801,8.8815,1.00,1.00
2017.02.07 12:19:37.601,8.88053,8.88191,1.00,1.00
2017.02.07 12:19:37.752,8.88053,8.88193,1.50,1.00
2017.02.07 12:19:38.081,8.88066,8.88206,1.00,1.00
2017.02.07 12:19:38.609,8.88053,8.88179,1.00,1.00
2017.02.07 12:19:38.760,8.88012,8.88152,1.00,1.00
2017.02.07 12:19:38.811,8.88007,8.88138,1.00,1.00
2017.02.07 12:19:38.912,8.88012,8.88152,1.00,1.00
2017.02.07 12:19:39.266,8.88008,8.88148,1.00,1.00
2017.02.07 12:19:39.899,8.88005,8.88131,1.00,1.00
2017.02.07 12:19:39.950,8.88009,8.88149,1.00,1.00
2017.02.07 12:19:40.102,8.87999,8.88139,1.00,1.00
2017.02.07 12:19:40.405,8.87989,8.88129,1.00,1.00
2017.02.07 12:19:40.838,8.87982,8.88109,1.00,1.00
2017.02.07 12:19:41.291,8.87988,8.88128,1.00,1.00
2017.02.07 12:19:41.532,8.87982,8.88116,1.00,1.00
2017.02.07 12:19:41.584,8.87983,8.88123,1.00,1.00
2017.02.07 12:19:41.636,8.87982,8.88108,1.00,1.00
2017.02.07 12:19:42.552,8.87963,8.88099,1.00,1.00
2017.02.07 12:19:42.959,8.87978,8.88118,1.00,1.00
2017.02.07 12:19:43.926,8.87976,8.88114,1.00,1.00
2017.02.07 12:19:44.570,8.87963,8.88117,1.00,1.00
2017.02.07 12:19:44.778,8.87963,8.88086,1.00,1.00
2017.02.07 12:19:44.830,8.87965,8.88105,1.00,1.00
2017.02.07 12:19:44.882,8.87965,8.88105,1.00,1.37
2017.02.07 12:19:44.983,8.87952,8.88092,1.00,1.00
2017.02.07 12:19:45.668,8.87961,8.88101,1.00,1.00
2017.02.07 12:19:46.659,8.87964,8.88104,1.00,1.00
2017.02.07 12:19:47.078,8.87971,8.88111,1.00,1.00
2017.02.07 12:19:47.382,8.87982,8.8812,1.00,1.00
2017.02.07 12:19:47.709,8.87989,8.88125,1.00,1.00
2017.02.07 12:19:48.013,8.87995,8.88125,1.00,1.00
2017.02.07 12:19:48.424,8.87995,8.88122,1.00,1.00
2017.02.07 12:19:48.576,8.87971,8.88103,1.00,1.00
2017.02.07 12:19:48.728,8.87978,8.88118,1.00,1.00
2017.02.07 12:19:49.344,8.87973,8.88111,1.00,1.00
2017.02.07 12:19:49.413,8.87971,8.8812,1.00,1.00
2017.02.07 12:19:49.951,8.87971,8.88112,1.00,1.00
2017.02.07 12:19:50.002,8.87971,8.8812,1.00,1.00
2017.02.07 12:19:50.952,8.87971,8.88123,1.00,1.00
2017.02.07 12:19:53.202,8.87971,8.8811,1.00,1.00
2017.02.07 12:19:53.354,8.87944,8.88094,1.00,1.00
2017.02.07 12:19:53.437,8.87953,8.88108,1.00,1.00
2017.02.07 12:19:53.488,8.87963,8.8812,1.00,1.00
2017.02.07 12:19:54.240,8.87972,8.88125,1.00,1.00
2017.02.07 12:19:54.564,8.8798,8.88125,1.00,1.00
2017.02.07 12:19:55.239,8.87985,8.88125,1.00,1.00
2017.02.07 12:19:56.588,8.8798,8.88125,1.00,1.00
2017.02.07 12:19:57.342,8.87962,8.88112,1.00,1.00
2017.02.07 12:19:57.443,8.87968,8.88121,1.00,1.00
2017.02.07 12:19:58.313,8.87964,8.88104,1.00,1.00
2017.02.07 12:19:58.709,8.87962,8.88102,1.00,1.00
2017.02.07 12:19:59.364,8.87966,8.88106,1.00,1.00
2017.02.07 12:19:59.868,8.87963,8.88101,1.00,1.00
2017.02.07 12:20:00.120,8.87972,8.88112,1.00,1.00
2017.02.07 12:20:00.373,8.87967,8.88107,1.00,1.00
2017.02.07 12:20:00.868,8.87972,8.88112,1.00,1.00
2017.02.07 12:20:01.202,8.8798,8.88118,1.00,1.00
2017.02.07 12:20:01.253,8.8797,8.8811,1.00,1.00
2017.02.07 12:20:01.304,8.87962,8.88102,1.00,1.00
2017.02.07 12:20:01.614,8.87942,8.88079,1.00,1.00
2017.02.07 12:20:01.664,8.87951,8.88091,1.00,1.00
2017.02.07 12:20:02.185,8.87973,8.88113,1.00,1.00
2017.02.07 12:20:02.488,8.87982,8.88122,1.00,1.00
2017.02.07 12:20:02.819,8.87971,8.88111,1.00,1.00
2017.02.07 12:20:03.324,8.87966,8.88103,1.00,1.00
2017.02.07 12:20:04.247,8.87974,8.88115,1.00,1.00
2017.02.07 12:20:04.406,8.87966,8.88121,1.00,1.00
2017.02.07 12:20:04.457,8.87948,8.88089,1.00,1.00
2017.02.07 12:20:04.792,8.8796,8.88101,1.00,1.00
2017.02.07 12:20:05.166,8.87973,8.88114,1.00,1.00
2017.02.07 12:20:05.679,8.8798,8.8812,1.00,1.00
2017.02.07 12:20:05.751,8.87986,8.88127,1.00,1.00
2017.02.07 12:20:06.681,8.87992,8.88132,1.00,1.00
2017.02.07 12:20:08.219,8.87984,8.88125,1.00,1.00
2017.02.07 12:20:08.271,8.87966,8.88102,1.00,1.00
2017.02.07 12:20:08.322,8.8797,8.88111,1.00,1.00
2017.02.07 12:20:08.526,8.8798,8.8812,1.00,1.00
2017.02.07 12:20:08.988,8.87984,8.88125,1.00,1.00
2017.02.07 12:20:09.039,8.87945,8.88131,1.00,1.37
2017.02.07 12:20:09.090,8.87968,8.88106,1.00,1.00
2017.02.07 12:20:09.428,8.87966,8.88121,1.00,1.00
2017.02.07 12:20:10.324,8.87961,8.88116,1.00,1.00
2017.02.07 12:20:10.768,8.87965,8.8812,1.00,1.00
2017.02.07 12:20:11.420,8.8796,8.88115,1.00,1.00
2017.02.07 12:20:11.767,8.87974,8.88129,1.00,1.00
2017.02.07 12:20:12.133,8.87959,8.88114,1.00,1.00
2017.02.07 12:20:12.436,8.87969,8.88124,1.00,1.00
2017.02.07 12:20:12.746,8.8798,8.88135,1.00,1.37
2017.02.07 12:20:13.493,8.87977,8.8813,1.00,1.37
2017.02.07 12:20:14.068,8.87981,8.88136,1.00,1.00
2017.02.07 12:20:14.703,8.87982,8.88123,1.00,1.00
2017.02.07 12:20:15.018,8.87972,8.88113,1.00,1.00
2017.02.07 12:20:15.467,8.87976,8.88116,1.00,1.00
2017.02.07 12:20:15.518,8.87959,8.881,1.00,1.00
2017.02.07 12:20:15.750,8.87948,8.88089,1.00,1.00
2017.02.07 12:20:16.487,8.87941,8.88082,1.00,1.00
2017.02.07 12:20:16.802,8.87951,8.88091,1.00,1.00
2017.02.07 12:20:17.442,8.87956,8.88097,1.00,1.00
2017.02.07 12:20:21.175,8.87966,8.88105,1.00,1.00
2017.02.07 12:20:21.504,8.87953,8.88092,1.00,1.00
2017.02.07 12:20:21.655,8.87942,8.88083,1.00,1.00
2017.02.07 12:20:22.035,8.87952,8.88093,1.00,1.00
2017.02.07 12:20:22.341,8.87946,8.88087,1.00,1.00
2017.02.07 12:20:23.172,8.87942,8.88082,1.00,1.00
2017.02.07 12:20:23.626,8.87936,8.88077,1.00,1.00
2017.02.07 12:20:24.060,8.87947,8.88088,1.00,1.00
2017.02.07 12:20:25.069,8.87952,8.88092,1.00,1.00
2017.02.07 12:20:27.495,8.87949,8.8809,1.00,1.00
2017.02.07 12:20:28.447,8.87952,8.88093,1.00,1.00
2017.02.07 12:20:28.757,8.87963,8.88103,1.00,1.00
2017.02.07 12:20:28.808,8.87957,8.88098,1.00,1.00
2017.02.07 12:20:29.594,8.87968,8.88109,1.00,1.00
2017.02.07 12:20:29.913,8.87981,8.88122,1.00,1.00
2017.02.07 12:20:30.255,8.87974,8.88112,1.00,1.00
2017.02.07 12:20:30.305,8.87982,8.88122,1.00,1.00
2017.02.07 12:20:31.244,8.87983,8.88124,1.00,1.00
2017.02.07 12:20:31.520,8.87983,8.88124,1.00,1.37
2017.02.07 12:20:31.738,8.87977,8.88117,1.00,1.37
2017.02.07 12:20:32.362,8.87943,8.88084,1.50,1.00
2017.02.07 12:20:32.464,8.87953,8.88093,1.00,1.00
2017.02.07 12:20:32.813,8.87963,8.88103,1.00,1.37
2017.02.07 12:20:33.121,8.87963,8.88103,1.00,1.37
2017.02.07 12:20:33.622,8.87969,8.8811,1.00,1.37
2017.02.07 12:20:33.895,8.87966,8.88105,1.00,1.37
2017.02.07 12:20:34.508,8.8797,8.8811,1.00,1.37
2017.02.07 12:20:35.256,8.87966,8.88105,1.00,1.37
2017.02.07 12:20:35.307,8.87959,8.881,1.00,1.37
2017.02.07 12:20:35.553,8.87968,8.88107,1.00,1.37
2017.02.07 12:20:35.809,8.87961,8.88101,1.00,1.37
2017.02.07 12:20:36.763,8.87956,8.88096,1.00,1.37
2017.02.07 12:20:36.975,8.8796,8.881,1.00,1.37
2017.02.07 12:20:37.278,8.87967,8.88105,1.00,1.37
2017.02.07 12:20:37.429,8.8796,8.881,1.00,1.37
2017.02.07 12:20:37.770,8.87971,8.88111,1.00,1.37
2017.02.07 12:20:38.133,8.87954,8.88094,1.00,1.00
2017.02.07 12:20:38.184,8.87962,8.88102,1.00,1.00
2017.02.07 12:20:38.504,8.87961,8.88078,1.00,1.00
2017.02.07 12:20:38.728,8.87961,8.88081,1.00,1.00
2017.02.07 12:20:39.208,8.87976,8.88096,1.00,1.00
2017.02.07 12:20:39.360,8.87983,8.88104,1.00,1.00
2017.02.07 12:20:39.730,8.87978,8.88099,1.00,1.00
2017.02.07 12:20:40.057,8.87961,8.88082,1.00,1.00
2017.02.07 12:20:40.524,8.87974,8.88094,1.00,1.00
2017.02.07 12:20:40.905,8.87979,8.881,1.00,1.00
2017.02.07 12:20:41.584,8.87984,8.88105,1.00,1.37
2017.02.07 12:20:42.125,8.87979,8.881,1.00,1.00
2017.02.07 12:20:42.362,8.87971,8.8809,1.00,1.00
2017.02.07 12:20:43.333,8.87969,8.8809,1.00,1.00
2017.02.07 12:20:43.434,8.87966,8.88084,1.00,1.00
