2012.07.19 09:00:00.037,6.93009,6.93136,2.03,2.78
2012.07.19 09:00:00.766,6.93074,6.9316,2.03,2.78
2012.07.19 09:00:00.946,6.93074,6.93184,2.03,1.13
2012.07.19 09:00:01.067,6.93074,6.93184,2.03,1.13
2012.07.19 09:00:01.300,6.93074,6.93184,2.03,1.13
2012.07.19 09:00:01.540,6.9306,6.93187,2.40,2.78
2012.07.19 09:00:01.661,6.9306,6.93187,2.40,2.78
2012.07.19 09:00:01.781,6.93094,6.93205,2.03,1.50
2012.07.19 09:00:01.845,6.93094,6.93205,2.03,1.50
2012.07.19 09:00:02.021,6.93116,6.93205,2.03,1.50
2012.07.19 09:00:02.084,6.93116,6.93205,2.03,1.50
2012.07.19 09:00:02.148,6.93088,6.93205,2.03,1.50
2012.07.19 09:00:02.269,6.93088,6.9321,2.03,1.13
2012.07.19 09:00:03.077,6.93088,6.93194,2.03,1.13
2012.07.19 09:00:03.141,6.93069,6.93194,2.03,3.15
2012.07.19 09:00:03.858,6.93069,6.93194,2.03,2.78
2012.07.19 09:00:03.921,6.93103,6.93209,2.03,1.13
2012.07.19 09:00:04.785,6.93103,6.9321,2.03,1.13
2012.07.19 09:00:05.717,6.93103,6.9321,2.03,1.13
2012.07.19 09:00:06.137,6.93103,6.9321,2.03,1.13
2012.07.19 09:00:06.200,6.93088,6.9321,2.03,1.13
2012.07.19 09:00:06.913,6.93072,6.93199,2.03,2.78
2012.07.19 09:00:07.034,6.93057,6.93184,2.40,2.03
2012.07.19 09:00:07.212,6.93035,6.9316,2.78,2.03
2012.07.19 09:00:07.276,6.93035,6.9316,2.78,2.03
2012.07.19 09:00:07.538,6.93056,6.93183,2.03,2.78
2012.07.19 09:00:08.603,6.93129,6.93221,2.03,1.13
2012.07.19 09:00:08.670,6.93129,6.93221,2.03,1.13
2012.07.19 09:00:08.889,6.93129,6.93221,2.03,1.13
2012.07.19 09:00:08.952,6.93111,6.93221,2.03,1.13
2012.07.19 09:00:09.806,6.93096,6.9322,2.03,2.78
2012.07.19 09:00:09.869,6.93096,6.9322,2.03,2.78
2012.07.19 09:00:09.934,6.93078,6.93204,2.03,2.78
2012.07.19 09:00:10.111,6.93078,6.93204,2.03,2.78
2012.07.19 09:00:10.668,6.93078,6.93204,2.03,2.78
2012.07.19 09:00:11.021,6.93039,6.93135,2.78,1.50
2012.07.19 09:00:11.198,6.93039,6.93161,2.78,1.50
2012.07.19 09:00:11.320,6.93041,6.93161,2.40,1.50
2012.07.19 09:00:11.494,6.93041,6.93146,2.40,1.50
2012.07.19 09:00:11.557,6.93027,6.93153,2.78,2.78
2012.07.19 09:00:11.734,6.93027,6.93153,2.78,2.78
2012.07.19 09:00:13.134,6.93039,6.93145,2.03,1.13
2012.07.19 09:00:13.311,6.93022,6.93145,2.78,1.13
2012.07.19 09:00:13.374,6.93022,6.93145,2.78,1.13
2012.07.19 09:00:14.273,6.93022,6.93145,2.78,1.13
2012.07.19 09:00:14.641,6.93022,6.93139,2.78,1.13
2012.07.19 09:00:14.928,6.93022,6.93139,2.78,1.13
2012.07.19 09:00:15.155,6.93038,6.93139,2.03,1.13
2012.07.19 09:00:16.348,6.93017,6.93126,2.21,1.13
2012.07.19 09:00:17.923,6.93017,6.93142,2.58,1.13
2012.07.19 09:00:18.940,6.93033,6.93134,2.03,1.13
2012.07.19 09:00:19.287,6.93033,6.93152,2.78,1.13
2012.07.19 09:00:19.824,6.93056,6.93152,2.03,1.13
2012.07.19 09:00:20.177,6.93095,6.93187,2.03,1.13
2012.07.19 09:00:20.298,6.93062,6.93171,2.03,1.50
2012.07.19 09:00:20.361,6.93062,6.93179,2.78,1.13
2012.07.19 09:00:20.481,6.93063,6.93183,2.78,1.13
2012.07.19 09:00:20.715,6.93063,6.93188,2.78,2.78
2012.07.19 09:00:20.836,6.93063,6.93183,2.40,1.50
2012.07.19 09:00:21.128,6.93056,6.93173,2.78,1.13
2012.07.19 09:00:21.191,6.93056,6.9316,2.03,1.13
2012.07.19 09:00:21.490,6.9303,6.93155,2.78,2.03
2012.07.19 09:00:21.838,6.9305,6.93169,2.40,1.50
2012.07.19 09:00:22.561,6.93055,6.93169,2.03,1.50
2012.07.19 09:00:22.862,6.93106,6.93201,2.03,1.13
2012.07.19 09:00:22.924,6.93106,6.93201,2.03,1.13
2012.07.19 09:00:23.119,6.93106,6.93201,2.03,1.13
2012.07.19 09:00:24.062,6.93106,6.93187,2.03,1.13
2012.07.19 09:00:24.296,6.9309,6.93209,2.78,1.13
2012.07.19 09:00:24.415,6.93105,6.93209,2.03,1.13
2012.07.19 09:00:24.712,6.93105,6.93209,2.03,1.13
2012.07.19 09:00:25.163,6.93105,6.93222,2.03,1.22
2012.07.19 09:00:25.282,6.93105,6.93222,2.03,1.22
2012.07.19 09:00:25.515,6.93105,6.93222,2.03,1.22
2012.07.19 09:00:26.072,6.93105,6.932,2.03,1.13
2012.07.19 09:00:28.060,6.93105,6.93207,2.03,1.13
2012.07.19 09:00:28.125,6.93105,6.93222,2.78,1.59
2012.07.19 09:00:28.862,6.93089,6.93215,2.78,3.15
2012.07.19 09:00:29.347,6.93103,6.932,2.03,1.13
2012.07.19 09:00:29.524,6.93087,6.93188,2.03,1.13
2012.07.19 09:00:29.929,6.93087,6.93202,2.78,1.13
2012.07.19 09:00:30.250,6.93097,6.93222,2.78,1.22
2012.07.19 09:00:30.428,6.93114,6.93239,2.78,1.13
2012.07.19 09:00:30.829,6.93114,6.93239,2.78,1.13
2012.07.19 09:00:31.738,6.93114,6.93241,2.78,2.78
2012.07.19 09:00:32.490,6.93114,6.93241,2.78,2.78
2012.07.19 09:00:45.978,6.93114,6.93241,2.78,2.78
2012.07.19 09:00:47.082,6.93151,6.93263,2.78,1.22
2012.07.19 09:00:47.258,6.93151,6.93263,2.78,1.22
2012.07.19 09:00:52.601,6.93132,6.93257,2.78,2.78
2012.07.19 09:00:58.545,6.93132,6.93257,2.78,2.78
2012.07.19 09:00:59.789,6.93149,6.93263,2.78,1.22
2012.07.19 09:01:00.026,6.93198,6.93304,2.03,1.13
2012.07.19 09:01:00.147,6.93192,6.93304,2.40,1.13
2012.07.19 09:01:03.542,6.93183,6.93293,2.40,1.13
2012.07.19 09:01:07.681,6.93183,6.93293,2.40,1.13
2012.07.19 09:01:08.921,6.9316,6.93289,2.03,1.50
2012.07.19 09:01:09.043,6.93153,6.93289,2.40,1.50
2012.07.19 09:01:09.277,6.93142,6.93259,1.50,2.03
2012.07.19 09:01:09.398,6.93133,6.93259,2.78,2.78
2012.07.19 09:01:09.518,6.93133,6.9325,2.40,1.50
2012.07.19 09:01:10.695,6.93133,6.93242,2.40,1.13
2012.07.19 09:01:11.434,6.93133,6.93259,2.78,2.78
2012.07.19 09:01:11.782,6.93173,6.93297,2.03,1.13
2012.07.19 09:01:13.339,6.93194,6.93297,2.03,1.13
2012.07.19 09:01:14.537,6.93212,6.93315,2.03,1.88
2012.07.19 09:01:14.605,6.93212,6.93315,2.03,1.88
2012.07.19 09:01:14.785,6.93212,6.93322,2.03,1.22
2012.07.19 09:01:15.304,6.93218,6.93322,2.03,1.22
2012.07.19 09:01:15.686,6.9324,6.93322,2.03,1.22
2012.07.19 09:01:16.340,6.9322,6.93322,2.03,1.22
2012.07.19 09:01:16.404,6.93238,6.93322,2.03,1.22
2012.07.19 09:01:16.626,6.93219,6.93322,2.03,1.22
2012.07.19 09:01:16.745,6.93238,6.93322,2.03,1.22
2012.07.19 09:01:16.865,6.93232,6.93322,2.03,1.22
2012.07.19 09:01:16.985,6.9325,6.93322,2.03,1.22
2012.07.19 09:01:17.425,6.9326,6.93322,2.03,1.22
2012.07.19 09:01:17.772,6.93283,6.93352,2.03,1.22
2012.07.19 09:01:18.065,6.9326,6.93352,2.03,1.22
2012.07.19 09:01:19.463,6.93251,6.93352,2.03,1.22
2012.07.19 09:01:24.397,6.93253,6.93352,2.03,1.22
2012.07.19 09:01:24.460,6.93253,6.93352,2.03,1.22
2012.07.19 09:01:24.523,6.9327,6.93352,2.03,1.22
2012.07.19 09:01:26.602,6.9327,6.93355,2.03,1.22
2012.07.19 09:01:26.837,6.9327,6.93391,2.03,1.50
2012.07.19 09:01:27.222,6.93283,6.93402,2.03,1.22
2012.07.19 09:01:27.407,6.93282,6.93402,2.03,1.22
2012.07.19 09:01:27.527,6.93298,6.93402,2.03,1.22
2012.07.19 09:01:28.103,6.93278,6.93384,2.03,1.13
2012.07.19 09:01:28.223,6.93255,6.93373,2.03,2.03
2012.07.19 09:01:28.287,6.93248,6.93373,2.03,2.03
2012.07.19 09:01:28.477,6.9327,6.93384,2.03,1.13
2012.07.19 09:01:28.842,6.93302,6.93402,2.03,1.22
2012.07.19 09:01:28.907,6.93286,6.93402,2.03,1.22
2012.07.19 09:01:29.028,6.93293,6.93402,2.03,1.22
2012.07.19 09:01:29.148,6.93288,6.93402,2.03,1.22
2012.07.19 09:01:29.269,6.93296,6.93402,2.03,1.22
2012.07.19 09:01:29.696,6.93278,6.93402,2.03,1.22
2012.07.19 09:01:29.817,6.93291,6.93402,2.03,1.22
2012.07.19 09:01:30.053,6.93275,6.9339,2.03,1.13
2012.07.19 09:01:30.116,6.93271,6.9339,2.03,1.13
2012.07.19 09:01:30.293,6.9331,6.93402,2.03,1.22
2012.07.19 09:01:30.675,6.93293,6.93402,2.03,1.22
2012.07.19 09:01:31.119,6.93293,6.93402,2.03,1.22
2012.07.19 09:01:31.922,6.93293,6.93402,2.03,1.22
2012.07.19 09:01:32.583,6.93274,6.93399,2.03,2.78
2012.07.19 09:01:32.647,6.93274,6.93384,2.03,1.50
2012.07.19 09:01:32.995,6.93256,6.93376,2.03,1.13
2012.07.19 09:01:33.449,6.93256,6.93381,2.03,2.78
2012.07.19 09:01:33.916,6.93277,6.93382,2.03,1.22
2012.07.19 09:01:36.829,6.93293,6.93382,2.03,1.22
2012.07.19 09:01:37.269,6.93309,6.93382,2.03,1.22
2012.07.19 09:01:39.088,6.93309,6.93383,2.03,1.22
2012.07.19 09:01:39.210,6.93295,6.93418,2.03,1.22
2012.07.19 09:01:39.275,6.93295,6.93418,2.78,1.22
2012.07.19 09:01:39.399,6.93303,6.93419,1.50,2.78
2012.07.19 09:01:39.580,6.93308,6.93419,1.50,2.03
2012.07.19 09:01:40.105,6.93346,6.93444,2.78,2.03
2012.07.19 09:01:40.195,6.93346,6.93473,2.78,2.03
2012.07.19 09:01:40.316,6.9341,6.93497,2.03,2.78
2012.07.19 09:01:40.551,6.93386,6.93492,2.03,1.50
2012.07.19 09:01:41.039,6.93371,6.93478,2.03,1.13
2012.07.19 09:01:41.218,6.93365,6.93492,2.03,3.24
2012.07.19 09:01:41.281,6.93368,6.93492,2.03,1.22
2012.07.19 09:01:41.632,6.93412,6.93492,2.03,1.22
2012.07.19 09:01:41.696,6.93393,6.93492,2.03,1.22
2012.07.19 09:01:42.018,6.93393,6.93492,2.03,1.22
2012.07.19 09:01:42.368,6.93415,6.93492,2.03,1.22
2012.07.19 09:01:42.736,6.93395,6.93492,2.03,1.22
2012.07.19 09:01:42.856,6.93377,6.93492,2.03,1.22
2012.07.19 09:01:43.297,6.93377,6.93492,2.03,1.22
2012.07.19 09:01:43.666,6.934,6.93492,2.03,1.22
2012.07.19 09:01:43.878,6.934,6.93491,2.03,1.13
2012.07.19 09:01:46.264,6.93385,6.93491,2.03,1.13
2012.07.19 09:01:47.081,6.93348,6.93473,2.03,1.13
2012.07.19 09:01:47.145,6.93348,6.93473,2.03,1.13
2012.07.19 09:01:47.874,6.93348,6.93441,2.03,1.13
2012.07.19 09:01:47.996,6.93322,6.93441,2.03,1.13
2012.07.19 09:01:48.059,6.93337,6.93441,2.03,1.13
2012.07.19 09:01:48.866,6.93319,6.93446,2.03,2.78
2012.07.19 09:01:49.968,6.93319,6.93432,2.03,1.13
2012.07.19 09:01:52.112,6.93319,6.93446,2.03,2.03
2012.07.19 09:01:52.405,6.93334,6.93456,2.03,1.13
2012.07.19 09:01:52.783,6.93334,6.93459,2.03,2.78
2012.07.19 09:01:53.148,6.93343,6.93468,2.03,2.78
2012.07.19 09:01:59.599,6.93359,6.93464,2.03,1.13
2012.07.19 09:01:59.835,6.93362,6.93464,2.03,1.13
2012.07.19 09:01:59.898,6.9336,6.93464,2.03,1.13
2012.07.19 09:01:59.961,6.93354,6.93464,2.03,1.13
2012.07.19 09:02:00.080,6.93367,6.93464,2.03,1.13
2012.07.19 09:02:00.144,6.93347,6.93464,2.03,1.13
2012.07.19 09:02:00.265,6.93368,6.93473,2.03,1.13
2012.07.19 09:02:00.501,6.93351,6.93472,2.03,2.78
2012.07.19 09:02:00.621,6.93366,6.93473,2.03,1.13
2012.07.19 09:02:00.807,6.93345,6.93472,2.03,2.78
2012.07.19 09:02:01.443,6.93345,6.93464,2.03,1.13
2012.07.19 09:02:01.933,6.93353,6.93464,2.03,1.13
2012.07.19 09:02:02.185,6.93331,6.93456,2.03,2.78
2012.07.19 09:02:03.164,6.93347,6.93472,2.03,3.15
2012.07.19 09:02:05.123,6.93347,6.93472,2.03,3.15
2012.07.19 09:02:05.299,6.93347,6.93472,2.03,2.40
2012.07.19 09:02:05.362,6.93347,6.93472,2.78,2.03
2012.07.19 09:02:05.840,6.93386,6.93492,2.03,1.22
2012.07.19 09:02:06.223,6.93371,6.93492,2.03,1.22
2012.07.19 09:02:06.433,6.93347,6.9346,2.03,2.03
2012.07.19 09:02:06.497,6.93335,6.9346,2.03,2.03
2012.07.19 09:02:06.560,6.93339,6.93466,2.03,2.78
2012.07.19 09:02:07.272,6.93356,6.93479,2.03,1.13
2012.07.19 09:02:07.815,6.93356,6.93481,2.03,2.78
2012.07.19 09:02:12.824,6.93371,6.93478,2.03,1.13
2012.07.19 09:02:13.283,6.93387,6.93492,2.03,1.22
2012.07.19 09:02:13.741,6.93409,6.93492,2.03,1.22
2012.07.19 09:02:17.187,6.93409,6.93522,2.03,1.22
2012.07.19 09:02:17.722,6.93413,6.93522,2.03,1.22
2012.07.19 09:02:19.973,6.93413,6.93504,2.03,1.13
2012.07.19 09:02:20.094,6.93372,6.93493,2.78,2.78
2012.07.19 09:02:20.270,6.93387,6.935,2.40,1.13
2012.07.19 09:02:22.315,6.93405,6.935,2.03,1.13
2012.07.19 09:02:22.963,6.93405,6.93516,2.40,1.13
2012.07.19 09:02:23.316,6.93445,6.93542,2.03,1.13
2012.07.19 09:02:23.496,6.93445,6.93559,2.40,1.13
2012.07.19 09:02:23.943,6.93437,6.93542,2.03,1.13
2012.07.19 09:02:24.120,6.93437,6.93525,2.03,1.13
2012.07.19 09:02:24.183,6.93437,6.93522,2.03,1.13
2012.07.19 09:02:24.546,6.93437,6.93497,2.03,1.13
2012.07.19 09:02:24.715,6.93413,6.93497,2.03,1.13
2012.07.19 09:02:25.025,6.93389,6.93497,2.03,1.13
2012.07.19 09:02:26.401,6.93389,6.93487,2.03,1.13
2012.07.19 09:02:27.002,6.93374,6.93487,2.40,1.13
2012.07.19 09:02:27.064,6.93374,6.93487,2.40,1.13
2012.07.19 09:02:27.360,6.93374,6.93472,2.03,1.13
2012.07.19 09:02:27.641,6.93374,6.93472,2.03,1.13
2012.07.19 09:02:27.706,6.93353,6.93472,2.78,1.13
2012.07.19 09:02:28.133,6.93328,6.93455,2.78,2.78
2012.07.19 09:02:28.200,6.93305,6.93432,4.80,2.78
2012.07.19 09:02:28.320,6.93305,6.93432,2.78,2.78
2012.07.19 09:02:29.173,6.93305,6.93432,2.78,2.78
2012.07.19 09:02:29.365,6.93329,6.93433,2.03,1.13
2012.07.19 09:02:30.063,6.9332,6.93433,2.40,1.13
2012.07.19 09:02:30.300,6.93343,6.93443,2.03,1.13
2012.07.19 09:02:31.254,6.9332,6.93452,2.78,1.13
2012.07.19 09:02:31.607,6.93338,6.93465,2.78,2.78
2012.07.19 09:02:33.069,6.93344,6.93469,2.78,2.78
2012.07.19 09:02:33.136,6.93386,6.93494,2.40,1.50
2012.07.19 09:02:34.486,6.93386,6.93491,2.03,1.13
2012.07.19 09:02:38.425,6.934,6.93491,2.03,1.13
2012.07.19 09:02:40.012,6.9341,6.93491,2.03,1.13
2012.07.19 09:02:41.487,6.93398,6.93491,2.03,1.13
2012.07.19 09:02:41.972,6.93381,6.93491,2.40,1.13
2012.07.19 09:02:46.976,6.93372,6.93498,2.78,1.13
2012.07.19 09:02:52.716,6.93372,6.93499,2.78,2.78
2012.07.19 09:02:53.531,6.93388,6.93505,2.78,1.13
2012.07.19 09:02:54.768,6.93388,6.93505,2.78,1.13
2012.07.19 09:02:54.890,6.93364,6.93489,2.78,2.78
2012.07.19 09:02:56.748,6.93383,6.93504,2.78,1.13
2012.07.19 09:02:56.811,6.93383,6.93504,2.78,1.13
2012.07.19 09:02:57.916,6.93383,6.93504,2.78,1.13
2012.07.19 09:02:58.064,6.93383,6.93495,2.40,1.13
2012.07.19 09:02:58.297,6.93367,6.93494,2.78,2.78
2012.07.19 09:02:58.576,6.93367,6.93494,2.78,2.78
2012.07.19 09:03:01.435,6.93367,6.93494,2.78,2.78
2012.07.19 09:03:15.786,6.93356,6.93483,2.78,2.78
2012.07.19 09:03:22.318,6.93356,6.93483,2.78,2.78
2012.07.19 09:03:22.382,6.93356,6.93483,2.78,2.78
2012.07.19 09:03:22.918,6.934,6.93507,2.03,1.13
2012.07.19 09:03:23.388,6.93379,6.93493,2.40,1.13
2012.07.19 09:03:25.905,6.93379,6.93491,2.03,1.50
2012.07.19 09:03:26.085,6.93332,6.93457,2.03,2.78
2012.07.19 09:03:26.322,6.93313,6.93439,2.78,2.40
2012.07.19 09:03:26.502,6.93313,6.93435,2.78,1.13
2012.07.19 09:03:26.956,6.93336,6.93435,2.03,1.13
2012.07.19 09:03:30.034,6.93336,6.93443,2.03,1.13
2012.07.19 09:03:30.348,6.93336,6.93461,2.78,3.15
2012.07.19 09:03:30.657,6.93355,6.93461,2.03,1.13
2012.07.19 09:03:35.341,6.93338,6.93455,2.78,1.13
2012.07.19 09:03:37.920,6.93338,6.93463,2.78,2.78
2012.07.19 09:03:41.216,6.93338,6.93448,2.40,1.13
2012.07.19 09:03:42.043,6.93338,6.93448,2.40,1.13
2012.07.19 09:03:42.106,6.93338,6.93448,2.40,1.13
2012.07.19 09:03:42.871,6.93322,6.93436,2.78,1.13
2012.07.19 09:03:44.765,6.93322,6.93431,2.03,1.13
2012.07.19 09:03:45.988,6.93302,6.93429,2.78,2.78
2012.07.19 09:03:48.379,6.93302,6.93425,2.78,1.13
2012.07.19 09:03:48.515,6.93302,6.9342,2.03,1.50
2012.07.19 09:03:48.866,6.93302,6.93386,2.03,1.13
2012.07.19 09:03:49.102,6.93256,6.93379,2.78,1.50
2012.07.19 09:03:49.496,6.93232,6.93347,2.78,2.78
2012.07.19 09:03:49.564,6.9322,6.93347,2.03,2.78
2012.07.19 09:03:50.181,6.93218,6.93324,1.83,1.13
2012.07.19 09:03:50.244,6.93218,6.93323,1.83,1.13
2012.07.19 09:03:50.424,6.93178,6.93303,2.03,2.78
2012.07.19 09:03:50.603,6.93178,6.93303,2.03,4.80
2012.07.19 09:03:50.666,6.93157,6.93279,2.21,2.78
2012.07.19 09:03:50.729,6.93157,6.93279,2.58,2.78
2012.07.19 09:03:50.793,6.93157,6.93279,2.58,2.03
2012.07.19 09:03:50.969,6.93177,6.93303,2.03,2.78
2012.07.19 09:03:57.198,6.93177,6.93304,2.78,2.78
2012.07.19 09:03:57.536,6.93231,6.93358,2.78,2.78
2012.07.19 09:03:57.818,6.93247,6.93362,2.03,1.50
2012.07.19 09:03:57.994,6.93247,6.93371,2.03,2.78
2012.07.19 09:03:58.761,6.93228,6.93355,2.03,2.78
2012.07.19 09:03:58.881,6.93222,6.93334,2.03,2.78
2012.07.19 09:03:59.003,6.93217,6.93334,1.83,2.78
2012.07.19 09:04:00.407,6.93217,6.93318,1.83,3.15
2012.07.19 09:04:00.740,6.93191,6.93318,2.03,3.15
2012.07.19 09:04:01.241,6.93191,6.93318,2.78,2.78
2012.07.19 09:04:01.591,6.93207,6.93334,2.03,2.78
2012.07.19 09:04:02.079,6.93207,6.93334,2.03,2.78
2012.07.19 09:04:02.494,6.9321,6.93333,2.03,1.13
2012.07.19 09:04:02.846,6.9321,6.93309,2.03,1.13
2012.07.19 09:04:03.201,6.93186,6.93299,2.03,2.78
2012.07.19 09:04:03.541,6.93196,6.9332,2.03,2.78
2012.07.19 09:04:03.890,6.93217,6.93344,2.03,2.78
2012.07.19 09:04:03.952,6.93207,6.93332,2.03,2.78
2012.07.19 09:04:04.072,6.93227,6.93349,2.03,1.13
2012.07.19 09:04:05.401,6.93206,6.93331,2.03,2.78
2012.07.19 09:04:07.382,6.93206,6.93327,2.03,1.13
2012.07.19 09:04:09.206,6.93206,6.93331,2.03,2.78
2012.07.19 09:04:09.453,6.93229,6.93344,2.03,1.50
2012.07.19 09:04:09.803,6.93229,6.93356,2.03,2.78
2012.07.19 09:04:09.867,6.93222,6.93349,2.03,2.78
2012.07.19 09:04:10.083,6.9326,6.93364,2.03,1.13
2012.07.19 09:04:10.489,6.93242,6.93349,2.03,1.13
2012.07.19 09:04:10.725,6.93226,6.93344,2.03,1.13
2012.07.19 09:04:11.140,6.93226,6.93344,2.03,1.13
2012.07.19 09:04:12.003,6.93226,6.93334,2.03,1.13
2012.07.19 09:04:12.125,6.93209,6.93318,2.03,1.13
2012.07.19 09:04:12.245,6.93209,6.93318,2.03,1.13
2012.07.19 09:04:12.365,6.93176,6.93301,2.03,2.78
2012.07.19 09:04:12.652,6.93183,6.93301,2.03,2.78
2012.07.19 09:04:13.003,6.93222,6.93349,2.03,2.78
2012.07.19 09:04:17.857,6.93222,6.9331,2.03,1.50
2012.07.19 09:04:17.977,6.93222,6.9331,2.03,1.50
2012.07.19 09:04:18.041,6.93211,6.93298,2.03,1.50
2012.07.19 09:04:18.107,6.93186,6.93287,2.03,1.13
2012.07.19 09:04:18.171,6.93164,6.93287,2.03,1.13
2012.07.19 09:04:18.292,6.93164,6.93291,2.03,2.78
2012.07.19 09:04:18.355,6.93157,6.93271,1.83,2.78
2012.07.19 09:04:18.646,6.93157,6.93271,1.83,2.78
2012.07.19 09:04:18.824,6.93157,6.93276,1.83,2.03
2012.07.19 09:04:21.273,6.93157,6.93276,1.83,2.78
2012.07.19 09:04:21.576,6.93157,6.93276,2.58,2.78
2012.07.19 09:04:21.925,6.93175,6.933,2.78,2.78
2012.07.19 09:04:22.046,6.93175,6.933,2.78,2.03
2012.07.19 09:04:22.279,6.93175,6.933,2.78,2.03
2012.07.19 09:04:22.401,6.9319,6.93315,2.03,2.78
2012.07.19 09:04:22.467,6.9319,6.93315,2.03,2.78
2012.07.19 09:04:23.433,6.9319,6.93315,2.03,2.78
2012.07.19 09:04:23.608,6.93196,6.93323,2.03,2.78
2012.07.19 09:04:23.966,6.93199,6.93324,2.03,2.78
2012.07.19 09:04:24.544,6.93183,6.93308,2.78,2.78
2012.07.19 09:04:26.554,6.93205,6.93332,2.78,2.78
2012.07.19 09:04:26.617,6.93205,6.93332,2.78,2.78
2012.07.19 09:04:29.427,6.9319,6.93317,2.40,2.78
2012.07.19 09:04:29.665,6.93193,6.93318,2.03,2.78
2012.07.19 09:04:30.236,6.93192,6.93319,2.03,2.78
2012.07.19 09:04:30.550,6.93157,6.93274,2.58,2.03
2012.07.19 09:04:33.000,6.93182,6.93309,2.03,2.78
2012.07.19 09:04:33.177,6.93158,6.93283,2.78,2.03
2012.07.19 09:04:33.296,6.93176,6.93303,2.40,2.78
2012.07.19 09:04:33.415,6.93195,6.9332,2.03,2.78
2012.07.19 09:04:33.535,6.93175,6.93302,2.40,2.78
2012.07.19 09:04:33.654,6.93199,6.93326,2.03,3.15
2012.07.19 09:04:33.784,6.93176,6.93301,2.40,2.03
2012.07.19 09:04:33.903,6.93195,6.9332,2.03,2.78
2012.07.19 09:04:33.968,6.93174,6.93301,2.40,2.03
2012.07.19 09:04:35.453,6.93174,6.93301,2.78,2.03
2012.07.19 09:04:40.517,6.93174,6.93301,2.78,2.03
2012.07.19 09:04:41.063,6.93197,6.93322,2.78,2.78
2012.07.19 09:04:51.996,6.93197,6.93322,2.78,2.03
2012.07.19 09:04:55.038,6.93218,6.93343,2.03,2.78
2012.07.19 09:04:57.613,6.93203,6.93329,2.78,2.03
2012.07.19 09:04:57.750,6.93203,6.93329,2.40,2.03
2012.07.19 09:04:58.490,6.93203,6.93329,2.78,2.03
2012.07.19 09:05:00.545,6.93217,6.93344,2.40,2.78
2012.07.19 09:05:02.107,6.93217,6.93344,2.78,2.78
2012.07.19 09:05:02.402,6.93227,6.93379,2.78,2.78
2012.07.19 09:05:02.465,6.9325,6.93379,2.03,2.78
2012.07.19 09:05:02.586,6.93247,6.93389,2.03,1.13
2012.07.19 09:05:02.650,6.93227,6.93377,2.78,2.78
2012.07.19 09:05:02.714,6.93253,6.93389,2.03,1.13
2012.07.19 09:05:02.946,6.93226,6.93376,2.78,2.78
2012.07.19 09:05:03.258,6.93245,6.93389,2.03,1.13
2012.07.19 09:05:03.594,6.93225,6.93375,2.78,2.78
2012.07.19 09:05:04.099,6.93218,6.93358,2.21,2.78
2012.07.19 09:05:04.413,6.93218,6.93358,2.21,2.78
2012.07.19 09:05:07.840,6.9324,6.93367,2.03,2.78
2012.07.19 09:05:08.071,6.93218,6.93327,2.21,2.78
2012.07.19 09:05:08.439,6.93219,6.93344,2.40,2.78
2012.07.19 09:05:08.869,6.93219,6.93344,2.40,2.78
2012.07.19 09:05:11.634,6.9323,6.93355,2.03,2.78
2012.07.19 09:05:11.753,6.93225,6.9335,2.03,2.78
2012.07.19 09:05:11.871,6.93218,6.93334,2.21,2.03
2012.07.19 09:05:11.938,6.93224,6.93351,2.03,2.78
2012.07.19 09:05:12.113,6.93218,6.93334,2.21,2.03
2012.07.19 09:05:12.178,6.93225,6.9335,2.03,2.78
2012.07.19 09:05:12.353,6.93218,6.93334,2.21,2.03
2012.07.19 09:05:12.415,6.93225,6.9335,2.03,2.78
2012.07.19 09:05:12.533,6.93218,6.93334,2.21,2.03
2012.07.19 09:05:12.652,6.93224,6.93351,2.03,2.78
2012.07.19 09:05:12.784,6.93218,6.93327,2.21,2.03
2012.07.19 09:05:12.903,6.93225,6.93349,2.03,2.78
2012.07.19 09:05:13.637,6.93218,6.93335,2.21,2.03
2012.07.19 09:05:13.700,6.93224,6.93351,2.03,2.78
2012.07.19 09:05:13.819,6.93218,6.93335,2.21,2.03
2012.07.19 09:05:13.937,6.93225,6.93352,2.03,2.78
2012.07.19 09:05:14.056,6.93218,6.93335,2.21,2.03
2012.07.19 09:05:14.287,6.9322,6.93347,2.40,2.78
2012.07.19 09:05:14.406,6.93238,6.93363,2.03,2.78
2012.07.19 09:05:14.638,6.9322,6.93347,2.40,2.78
2012.07.19 09:05:14.757,6.93238,6.93363,2.03,2.78
2012.07.19 09:05:14.820,6.93221,6.93346,2.40,2.78
2012.07.19 09:05:14.939,6.93238,6.93363,2.03,2.78
2012.07.19 09:05:15.175,6.93221,6.93346,2.40,2.78
2012.07.19 09:05:16.409,6.93244,6.93369,2.03,2.78
2012.07.19 09:05:16.674,6.93218,6.93334,2.21,2.03
2012.07.19 09:05:16.793,6.93227,6.93352,2.03,2.78
2012.07.19 09:05:16.855,6.93218,6.93334,2.21,2.03
2012.07.19 09:05:17.086,6.93224,6.93351,2.03,2.78
2012.07.19 09:05:17.204,6.93218,6.93334,2.21,2.03
2012.07.19 09:05:17.322,6.93226,6.93351,2.03,2.78
2012.07.19 09:05:17.441,6.93218,6.93334,2.21,2.03
2012.07.19 09:05:17.985,6.93232,6.93357,2.03,2.78
2012.07.19 09:05:18.217,6.9322,6.93344,2.40,2.78
2012.07.19 09:05:18.335,6.93237,6.93362,2.03,2.78
2012.07.19 09:05:18.454,6.9322,6.93344,2.40,2.78
2012.07.19 09:05:18.572,6.93236,6.93363,2.03,2.78
2012.07.19 09:05:18.639,6.9322,6.93344,2.40,2.78
2012.07.19 09:05:18.783,6.93237,6.93362,2.03,2.78
2012.07.19 09:05:18.861,6.9322,6.93345,2.40,2.78
2012.07.19 09:05:18.979,6.93237,6.93362,2.03,2.78
2012.07.19 09:05:19.098,6.9322,6.93345,2.40,2.78
2012.07.19 09:05:19.216,6.93236,6.93363,2.03,2.78
2012.07.19 09:05:19.334,6.9322,6.93345,2.40,2.78
2012.07.19 09:05:19.452,6.93236,6.93363,2.03,2.78
2012.07.19 09:05:19.686,6.93219,6.93346,2.40,2.78
2012.07.19 09:05:19.806,6.93236,6.93363,2.03,2.78
2012.07.19 09:05:19.869,6.93221,6.93346,2.78,2.78
2012.07.19 09:05:19.995,6.93237,6.93364,2.03,2.78
2012.07.19 09:05:20.113,6.93221,6.93346,2.78,2.78
2012.07.19 09:05:20.232,6.93237,6.93364,2.03,2.78
2012.07.19 09:05:20.351,6.93221,6.93346,2.78,2.78
2012.07.19 09:05:20.705,6.93239,6.93364,2.03,2.78
2012.07.19 09:05:20.824,6.93222,6.93347,2.40,2.78
2012.07.19 09:05:22.659,6.93222,6.93347,2.40,2.78
2012.07.19 09:05:25.099,6.93218,6.93343,2.58,2.78
2012.07.19 09:05:25.162,6.93218,6.93343,1.83,2.78
2012.07.19 09:05:25.341,6.93218,6.93318,1.83,2.03
2012.07.19 09:05:25.761,6.93182,6.9327,1.13,2.03
2012.07.19 09:05:25.825,6.93182,6.93294,1.13,2.03
2012.07.19 09:05:26.118,6.93173,6.93292,2.78,2.03
2012.07.19 09:05:26.470,6.93169,6.93285,1.50,2.03
2012.07.19 09:05:27.157,6.93188,6.93302,2.58,2.03
2012.07.19 09:05:27.224,6.93202,6.93327,2.40,2.03
2012.07.19 09:05:27.289,6.93218,6.93343,2.03,2.78
2012.07.19 09:05:27.390,6.93201,6.93328,2.40,2.78
2012.07.19 09:05:27.511,6.93218,6.93343,2.03,2.78
2012.07.19 09:05:27.745,6.93201,6.93328,2.40,2.03
2012.07.19 09:05:27.865,6.93217,6.93344,2.03,2.78
2012.07.19 09:05:27.985,6.93201,6.93326,2.40,2.03
2012.07.19 09:05:28.079,6.93217,6.93344,2.03,2.78
2012.07.19 09:05:28.199,6.93201,6.93326,2.40,2.03
2012.07.19 09:05:28.320,6.93218,6.93343,2.03,2.78
2012.07.19 09:05:28.440,6.93194,6.93321,2.78,2.03
2012.07.19 09:05:28.576,6.93215,6.93342,2.03,2.78
2012.07.19 09:05:28.696,6.932,6.93327,2.40,2.03
2012.07.19 09:05:28.759,6.93218,6.93343,2.03,2.78
2012.07.19 09:05:29.025,6.93202,6.93328,2.40,2.03
2012.07.19 09:05:29.145,6.93219,6.93346,2.03,2.78
2012.07.19 09:05:29.265,6.93203,6.93327,2.03,2.03
2012.07.19 09:05:29.385,6.93219,6.93346,2.03,2.78
2012.07.19 09:05:29.449,6.93203,6.93327,2.03,2.03
2012.07.19 09:05:29.521,6.9322,6.93345,2.03,2.78
2012.07.19 09:05:29.585,6.93204,6.93329,2.03,2.03
2012.07.19 09:05:29.707,6.93222,6.93347,2.03,2.78
2012.07.19 09:05:29.826,6.93204,6.93329,2.03,2.03
2012.07.19 09:05:29.945,6.93222,6.93347,2.03,2.78
2012.07.19 09:05:30.481,6.93189,6.93316,2.78,2.03
2012.07.19 09:05:30.544,6.93206,6.93333,2.03,2.78
2012.07.19 09:05:30.606,6.93206,6.93333,2.03,2.78
2012.07.19 09:05:30.971,6.93206,6.93333,2.03,2.78
2012.07.19 09:05:31.090,6.93208,6.93333,2.03,2.78
2012.07.19 09:05:31.411,6.93233,6.93358,2.03,2.78
2012.07.19 09:05:31.596,6.93216,6.9334,2.40,2.78
2012.07.19 09:05:35.834,6.93216,6.9334,2.78,2.78
2012.07.19 09:05:37.752,6.93216,6.9334,2.78,2.03
2012.07.19 09:05:37.930,6.93248,6.9334,1.83,2.03
2012.07.19 09:05:38.226,6.93282,6.93409,2.03,2.78
2012.07.19 09:05:38.290,6.93282,6.93406,2.03,1.13
2012.07.19 09:05:38.471,6.93259,6.93384,4.05,2.78
2012.07.19 09:05:38.662,6.93259,6.93369,2.03,2.03
2012.07.19 09:05:39.010,6.93248,6.93354,1.83,2.03
2012.07.19 09:05:40.250,6.93248,6.93354,1.83,2.78
2012.07.19 09:05:40.429,6.93228,6.93354,2.03,2.78
2012.07.19 09:05:40.492,6.93228,6.93354,2.78,2.78
2012.07.19 09:05:40.863,6.9325,6.93374,2.40,2.78
2012.07.19 09:05:41.517,6.9325,6.93374,2.03,2.78
2012.07.19 09:05:42.466,6.93261,6.93374,2.03,2.03
2012.07.19 09:05:42.529,6.93261,6.93374,2.78,2.03
2012.07.19 09:05:42.592,6.93286,6.93386,2.78,1.50
2012.07.19 09:05:43.330,6.93286,6.93411,2.78,2.78
2012.07.19 09:05:43.506,6.93286,6.93408,2.40,1.13
2012.07.19 09:05:43.665,6.93286,6.93408,2.40,1.13
2012.07.19 09:05:48.380,6.93301,6.93408,2.03,1.13
2012.07.19 09:05:49.123,6.93301,6.93418,2.03,1.13
2012.07.19 09:05:49.244,6.93316,6.93418,2.03,1.13
2012.07.19 09:05:49.364,6.93297,6.93418,2.40,1.13
2012.07.19 09:05:50.110,6.93297,6.93418,2.40,1.13
2012.07.19 09:05:51.041,6.93281,6.93402,2.40,1.13
2012.07.19 09:05:54.848,6.93281,6.93402,2.40,1.13
2012.07.19 09:05:55.178,6.93281,6.93402,2.40,1.13
2012.07.19 09:05:55.429,6.93281,6.93407,2.78,1.13
2012.07.19 09:06:02.835,6.93299,6.93408,2.78,2.78
2012.07.19 09:06:03.016,6.93322,6.93432,2.78,1.22
2012.07.19 09:06:03.079,6.93322,6.93432,2.78,1.22
2012.07.19 09:06:03.257,6.9335,6.93469,2.78,2.78
2012.07.19 09:06:03.378,6.9335,6.93469,2.78,2.78
2012.07.19 09:06:03.443,6.93395,6.93497,2.03,1.50
2012.07.19 09:06:03.564,6.93395,6.93497,2.03,1.50
2012.07.19 09:06:03.686,6.93395,6.93497,2.03,1.50
2012.07.19 09:06:03.750,6.93445,6.93504,2.03,1.13
2012.07.19 09:06:04.171,6.93421,6.9352,2.03,1.13
2012.07.19 09:06:04.492,6.93438,6.9352,2.03,1.13
2012.07.19 09:06:04.611,6.93399,6.9352,2.40,1.13
2012.07.19 09:06:04.874,6.93418,6.9352,2.03,1.13
2012.07.19 09:06:05.119,6.93407,6.9352,2.03,1.13
2012.07.19 09:06:05.306,6.93387,6.93514,2.78,2.78
2012.07.19 09:06:05.746,6.93402,6.9352,2.03,1.13
2012.07.19 09:06:06.265,6.93379,6.93503,2.78,2.03
2012.07.19 09:06:06.386,6.93393,6.9352,2.78,3.15
2012.07.19 09:06:07.381,6.93421,6.9352,2.03,1.13
2012.07.19 09:06:16.752,6.93421,6.93507,2.03,1.50
2012.07.19 09:06:17.098,6.93421,6.9352,2.03,1.50
2012.07.19 09:06:17.389,6.93441,6.9352,2.03,1.50
2012.07.19 09:06:17.510,6.93441,6.93534,2.03,1.13
2012.07.19 09:06:17.574,6.93441,6.93534,2.03,1.13
2012.07.19 09:06:17.754,6.93416,6.93534,2.03,3.15
2012.07.19 09:06:17.816,6.93416,6.93534,2.78,2.78
2012.07.19 09:06:18.275,6.93427,6.93548,2.40,1.13
2012.07.19 09:06:18.623,6.93427,6.93552,2.78,3.24
2012.07.19 09:06:18.974,6.93462,6.93549,2.03,1.13
2012.07.19 09:06:21.130,6.93437,6.93549,2.03,1.13
2012.07.19 09:06:21.463,6.93437,6.93535,2.03,1.50
2012.07.19 09:06:21.870,6.93437,6.9352,2.03,1.13
2012.07.19 09:06:21.933,6.93419,6.9352,2.03,1.13
2012.07.19 09:06:22.058,6.93419,6.9352,2.03,1.13
2012.07.19 09:06:22.520,6.93401,6.9352,2.40,1.13
2012.07.19 09:06:24.730,6.93401,6.93512,2.03,1.13
2012.07.19 09:06:26.753,6.93401,6.93493,2.03,1.50
2012.07.19 09:06:27.046,6.93378,6.93493,2.03,1.50
2012.07.19 09:06:27.840,6.93378,6.93478,2.03,1.13
2012.07.19 09:06:29.928,6.93378,6.93469,2.03,1.50
2012.07.19 09:06:30.469,6.93378,6.93417,2.03,1.50
2012.07.19 09:06:30.537,6.93346,6.93417,2.03,1.50
2012.07.19 09:06:31.077,6.93323,6.93417,2.03,1.50
2012.07.19 09:06:31.142,6.93323,6.93417,2.03,1.50
2012.07.19 09:06:31.340,6.93293,6.93417,2.03,1.50
2012.07.19 09:06:32.560,6.93293,6.93417,2.03,1.50
2012.07.19 09:06:32.624,6.93307,6.93417,2.03,1.50
2012.07.19 09:06:34.514,6.93307,6.93434,2.78,2.78
2012.07.19 09:06:34.831,6.93329,6.93435,2.03,1.13
2012.07.19 09:06:35.152,6.93343,6.93449,2.03,1.13
2012.07.19 09:06:36.532,6.93343,6.93449,2.03,1.13
2012.07.19 09:06:36.765,6.93343,6.93449,2.03,1.13
2012.07.19 09:06:40.656,6.93327,6.93438,2.03,1.13
2012.07.19 09:06:51.709,6.93347,6.93447,2.03,1.13
2012.07.19 09:06:51.779,6.93347,6.93447,2.03,1.13
2012.07.19 09:06:52.019,6.93374,6.93472,2.03,1.50
2012.07.19 09:06:52.437,6.93387,6.93491,2.03,1.13
2012.07.19 09:06:52.560,6.93412,6.93491,2.03,1.13
2012.07.19 09:06:52.624,6.93412,6.93491,2.03,1.13
2012.07.19 09:06:52.794,6.93393,6.93491,2.03,1.13
2012.07.19 09:06:53.066,6.93371,6.93491,2.03,1.13
2012.07.19 09:06:53.140,6.93388,6.93491,2.03,1.13
2012.07.19 09:06:53.490,6.93363,6.93473,2.03,1.13
2012.07.19 09:06:53.553,6.93358,6.93473,2.03,1.13
2012.07.19 09:06:53.616,6.93358,6.93473,2.03,1.13
2012.07.19 09:06:53.737,6.9334,6.93465,2.78,2.78
2012.07.19 09:06:53.802,6.9334,6.93455,2.03,1.13
2012.07.19 09:06:53.865,6.9334,6.93455,2.03,1.13
2012.07.19 09:06:55.752,6.93323,6.9344,2.03,1.13
2012.07.19 09:06:55.995,6.93338,6.9344,2.03,1.13
2012.07.19 09:06:59.131,6.93338,6.93465,2.78,2.78
2012.07.19 09:06:59.252,6.93356,6.93483,2.78,2.78
2012.07.19 09:06:59.547,6.93372,6.9349,2.03,1.13
2012.07.19 09:06:59.611,6.93374,6.9349,2.03,1.13
2012.07.19 09:06:59.963,6.93373,6.9347,2.03,1.50
2012.07.19 09:07:00.315,6.9337,6.93453,2.03,2.78
2012.07.19 09:07:00.435,6.9337,6.93466,2.03,1.50
2012.07.19 09:07:00.498,6.9337,6.93456,2.03,1.13
2012.07.19 09:07:00.850,6.93346,6.93456,2.03,1.13
2012.07.19 09:07:00.914,6.93328,6.93453,2.78,2.78
2012.07.19 09:07:00.977,6.93351,6.93456,2.03,1.13
2012.07.19 09:07:01.908,6.93351,6.93456,2.03,1.13
2012.07.19 09:07:03.229,6.93351,6.93456,2.03,1.13
2012.07.19 09:07:03.349,6.93351,6.93476,2.78,2.78
2012.07.19 09:07:03.472,6.93408,6.93487,2.03,1.13
2012.07.19 09:07:03.649,6.93433,6.93487,2.03,1.13
2012.07.19 09:07:04.061,6.93412,6.93487,2.03,1.13
2012.07.19 09:07:04.125,6.93383,6.93487,2.03,1.13
2012.07.19 09:07:04.245,6.93407,6.93487,2.03,1.13
2012.07.19 09:07:04.366,6.93382,6.93487,2.03,1.13
2012.07.19 09:07:04.462,6.93399,6.93487,2.03,1.13
2012.07.19 09:07:04.611,6.93382,6.93487,2.03,1.13
2012.07.19 09:07:04.731,6.93399,6.93487,2.03,1.13
2012.07.19 09:07:04.950,6.9338,6.93487,2.03,1.13
2012.07.19 09:07:05.070,6.93397,6.93487,2.03,1.13
2012.07.19 09:07:05.238,6.93378,6.93487,2.03,1.13
2012.07.19 09:07:05.359,6.93395,6.93487,2.03,1.13
2012.07.19 09:07:05.700,6.9337,6.93486,2.03,1.50
2012.07.19 09:07:05.876,6.9337,6.93481,2.03,1.13
2012.07.19 09:07:09.320,6.93383,6.93503,2.78,1.50
2012.07.19 09:07:09.441,6.934,6.93503,2.03,1.50
2012.07.19 09:07:09.505,6.9342,6.9351,2.03,2.78
2012.07.19 09:07:09.860,6.93404,6.93497,2.03,1.13
2012.07.19 09:07:10.208,6.9338,6.9349,2.03,1.50
2012.07.19 09:07:10.507,6.9338,6.93478,2.03,1.50
2012.07.19 09:07:10.572,6.93362,6.93478,2.03,1.50
2012.07.19 09:07:11.166,6.93362,6.93466,2.03,1.13
2012.07.19 09:07:12.466,6.93362,6.93477,2.03,1.13
2012.07.19 09:07:12.819,6.93362,6.93487,2.78,2.78
2012.07.19 09:07:13.157,6.93395,6.93493,2.03,1.13
2012.07.19 09:07:13.917,6.93407,6.93493,2.03,1.13
2012.07.19 09:07:14.949,6.93407,6.93513,2.03,1.13
2012.07.19 09:07:16.051,6.93392,6.93509,2.03,1.13
2012.07.19 09:07:16.319,6.93392,6.93509,2.03,1.13
2012.07.19 09:07:17.603,6.93378,6.93487,2.03,1.13
2012.07.19 09:07:22.124,6.93392,6.93487,2.03,1.13
2012.07.19 09:07:26.536,6.93414,6.93504,2.03,1.13
2012.07.19 09:07:27.111,6.93394,6.93504,2.03,1.13
2012.07.19 09:07:30.855,6.93394,6.93491,2.03,1.13
2012.07.19 09:07:31.203,6.93394,6.93474,2.03,1.50
2012.07.19 09:07:31.269,6.9332,6.93445,2.78,2.03
2012.07.19 09:07:32.471,6.93345,6.93453,2.03,1.13
2012.07.19 09:07:32.707,6.93323,6.93448,2.78,2.78
2012.07.19 09:07:32.886,6.93323,6.93448,2.78,2.78
2012.07.19 09:07:34.773,6.93338,6.93446,2.03,1.13
2012.07.19 09:07:34.847,6.93319,6.93446,2.78,3.15
2012.07.19 09:07:35.922,6.93319,6.93446,2.78,3.15
2012.07.19 09:07:36.268,6.93322,6.93422,2.03,1.50
2012.07.19 09:07:36.714,6.93322,6.93412,2.03,1.13
2012.07.19 09:07:36.941,6.93305,6.93412,2.03,1.13
2012.07.19 09:07:38.167,6.93287,6.93422,2.40,2.78
2012.07.19 09:07:38.231,6.93287,6.93422,2.78,2.03
2012.07.19 09:07:38.295,6.93303,6.9344,2.78,2.03
2012.07.19 09:07:38.700,6.93327,6.93462,2.78,2.78
2012.07.19 09:07:38.764,6.93346,6.93462,1.50,2.03
2012.07.19 09:07:38.828,6.93389,6.93484,2.40,1.50
2012.07.19 09:07:39.314,6.93373,6.93476,2.03,1.50
2012.07.19 09:07:39.434,6.93373,6.93507,2.78,1.13
2012.07.19 09:07:39.498,6.93373,6.93507,2.78,1.13
2012.07.19 09:07:39.561,6.93394,6.93507,2.03,1.13
2012.07.19 09:07:39.913,6.9341,6.93524,2.03,1.13
2012.07.19 09:07:42.521,6.9341,6.93513,2.03,1.13
2012.07.19 09:07:42.874,6.93368,6.93445,2.03,1.50
2012.07.19 09:07:42.995,6.93368,6.93443,2.03,1.50
2012.07.19 09:07:43.647,6.93368,6.93428,2.03,1.50
2012.07.19 09:07:43.723,6.93302,6.93413,2.78,1.50
2012.07.19 09:07:43.805,6.93302,6.93413,2.78,1.50
2012.07.19 09:07:44.164,6.93332,6.93453,2.40,1.50
2012.07.19 09:07:44.295,6.93332,6.93456,2.40,1.13
2012.07.19 09:07:44.536,6.93332,6.93459,2.78,2.78
2012.07.19 09:07:44.890,6.93356,6.93456,2.03,1.13
2012.07.19 09:07:46.075,6.93356,6.93477,2.40,1.13
2012.07.19 09:07:46.138,6.93356,6.93477,2.40,1.13
2012.07.19 09:07:46.202,6.93374,6.93477,2.03,1.13
2012.07.19 09:07:46.712,6.93374,6.93449,2.03,1.13
2012.07.19 09:07:47.003,6.93355,6.93445,2.03,1.13
2012.07.19 09:07:47.123,6.93335,6.93445,2.03,1.13
2012.07.19 09:07:47.477,6.93335,6.93445,2.03,1.13
2012.07.19 09:07:47.643,6.93335,6.93445,2.03,1.13
2012.07.19 09:07:48.173,6.93335,6.93454,2.03,1.13
2012.07.19 09:07:48.246,6.9337,6.93454,2.03,1.13
2012.07.19 09:07:49.060,6.9337,6.9345,2.03,1.13
2012.07.19 09:07:49.439,6.9337,6.93446,2.03,1.13
2012.07.19 09:07:49.561,6.93334,6.93446,2.03,1.13
2012.07.19 09:07:52.151,6.93334,6.93424,2.03,1.50
2012.07.19 09:07:52.273,6.93314,6.93424,2.03,1.50
2012.07.19 09:07:52.338,6.93314,6.93419,2.03,1.13
2012.07.19 09:07:52.679,6.93314,6.93419,2.03,1.13
2012.07.19 09:07:53.026,6.93314,6.93438,2.78,2.78
2012.07.19 09:07:53.651,6.93345,6.93468,2.78,1.50
2012.07.19 09:07:53.990,6.93401,6.93503,2.03,1.13
2012.07.19 09:07:56.055,6.93401,6.93479,2.03,1.13
2012.07.19 09:07:56.290,6.93378,6.93479,2.03,1.13
2012.07.19 09:07:56.353,6.93376,6.93479,2.03,1.13
2012.07.19 09:07:56.416,6.93376,6.93479,2.03,1.13
2012.07.19 09:07:56.480,6.93356,6.93479,2.40,1.13
2012.07.19 09:07:56.600,6.93373,6.93479,2.03,1.13
2012.07.19 09:07:57.114,6.93355,6.93479,2.40,1.13
2012.07.19 09:07:57.988,6.93357,6.93471,2.03,1.13
2012.07.19 09:08:00.130,6.93336,6.93461,2.78,2.78
2012.07.19 09:08:00.832,6.93336,6.93461,2.78,2.78
2012.07.19 09:08:02.288,6.93336,6.93461,2.78,2.78
2012.07.19 09:08:02.351,6.93336,6.93458,2.40,1.13
2012.07.19 09:08:02.970,6.93356,6.93472,2.03,1.13
2012.07.19 09:08:03.320,6.93398,6.93492,2.03,1.50
2012.07.19 09:08:03.671,6.93415,6.93511,2.03,1.13
2012.07.19 09:08:03.989,6.93415,6.93511,2.03,1.13
2012.07.19 09:08:04.441,6.93415,6.93516,2.03,1.13
2012.07.19 09:08:13.722,6.9343,6.93543,2.03,2.25
2012.07.19 09:08:14.137,6.9343,6.93543,2.78,1.50
2012.07.19 09:08:14.209,6.93475,6.93572,2.03,1.50
2012.07.19 09:08:14.274,6.93473,6.93572,2.03,1.50
2012.07.19 09:08:14.396,6.93487,6.9358,2.03,1.13
2012.07.19 09:08:14.749,6.93518,6.93578,2.03,1.13
2012.07.19 09:08:14.812,6.93518,6.93578,2.03,1.13
2012.07.19 09:08:14.933,6.93508,6.93578,2.03,1.13
2012.07.19 09:08:15.053,6.93483,6.93578,2.03,1.13
2012.07.19 09:08:15.173,6.93456,6.93578,2.40,1.13
2012.07.19 09:08:15.752,6.93456,6.93562,2.03,1.13
2012.07.19 09:08:16.218,6.93456,6.93562,2.03,1.13
2012.07.19 09:08:16.392,6.93445,6.93562,2.03,1.13
2012.07.19 09:08:16.750,6.93445,6.93538,2.03,1.50
2012.07.19 09:08:16.870,6.93421,6.93538,2.03,1.50
2012.07.19 09:08:16.990,6.93404,6.93536,2.03,2.78
2012.07.19 09:08:17.053,6.93404,6.93515,2.03,1.13
2012.07.19 09:08:17.542,6.9338,6.9351,2.03,2.78
2012.07.19 09:08:18.507,6.93395,6.93496,2.03,1.13
2012.07.19 09:08:18.857,6.93395,6.93496,2.03,1.13
2012.07.19 09:08:18.921,6.93377,6.93496,2.03,1.13
2012.07.19 09:08:19.260,6.93377,6.93496,2.03,1.13
2012.07.19 09:08:19.380,6.9336,6.9349,2.03,2.78
2012.07.19 09:08:19.833,6.93393,6.93511,2.03,1.13
2012.07.19 09:08:19.899,6.93393,6.93512,2.03,1.50
2012.07.19 09:08:19.963,6.93409,6.93523,2.03,1.50
2012.07.19 09:08:20.511,6.9341,6.9353,2.03,1.88
2012.07.19 09:08:20.950,6.93394,6.93514,2.03,1.13
2012.07.19 09:08:21.126,6.93371,6.93499,2.03,2.03
2012.07.19 09:08:21.245,6.93369,6.93499,2.03,2.40
2012.07.19 09:08:22.462,6.93371,6.93499,2.03,2.03
2012.07.19 09:08:22.912,6.93394,6.93511,2.03,1.50
2012.07.19 09:08:23.955,6.93374,6.93511,2.03,2.78
2012.07.19 09:08:25.040,6.93394,6.93513,2.03,1.13
2012.07.19 09:08:26.010,6.93394,6.93504,2.03,1.13
2012.07.19 09:08:26.135,6.93374,6.93504,2.03,1.13
2012.07.19 09:08:26.462,6.93374,6.93511,2.03,2.78
2012.07.19 09:08:26.526,6.93394,6.93526,2.03,2.78
2012.07.19 09:08:26.955,6.93411,6.93532,2.03,1.50
2012.07.19 09:08:27.378,6.93429,6.93541,2.03,2.25
2012.07.19 09:08:27.441,6.93431,6.93541,2.03,2.25
2012.07.19 09:08:27.792,6.93461,6.93582,2.78,1.50
2012.07.19 09:08:27.921,6.93461,6.93586,2.78,1.13
2012.07.19 09:08:28.043,6.93447,6.93571,2.40,1.13
2012.07.19 09:08:28.873,6.93447,6.93572,2.78,2.78
2012.07.19 09:08:29.756,6.93447,6.93569,2.40,1.13
2012.07.19 09:08:30.037,6.93447,6.93569,2.40,1.13
2012.07.19 09:08:30.100,6.93447,6.93556,2.03,1.13
2012.07.19 09:08:30.221,6.93429,6.93554,2.78,2.78
2012.07.19 09:08:30.458,6.93429,6.93552,2.78,1.50
2012.07.19 09:08:30.521,6.93429,6.93542,2.03,1.50
2012.07.19 09:08:30.643,6.93388,6.93515,2.78,2.03
2012.07.19 09:08:30.880,6.93403,6.9353,2.78,2.78
2012.07.19 09:08:32.515,6.93439,6.93557,2.78,1.50
2012.07.19 09:08:32.583,6.93439,6.93557,2.78,1.50
2012.07.19 09:08:32.648,6.93464,6.93568,2.03,1.13
2012.07.19 09:08:34.807,6.93464,6.93587,2.78,2.25
2012.07.19 09:08:34.871,6.93464,6.93587,2.78,1.50
2012.07.19 09:08:34.993,6.93478,6.93592,2.03,1.13
2012.07.19 09:08:35.117,6.93478,6.93605,2.78,3.15
2012.07.19 09:08:35.898,6.93478,6.93591,2.03,1.13
2012.07.19 09:08:36.175,6.93478,6.93591,2.03,1.13
2012.07.19 09:08:36.411,6.93455,6.93568,2.03,1.13
2012.07.19 09:08:36.681,6.9344,6.93567,2.78,2.78
2012.07.19 09:08:39.793,6.9344,6.93567,2.78,2.78
2012.07.19 09:08:40.024,6.9344,6.93567,2.78,2.78
2012.07.19 09:08:41.114,6.93417,6.93535,2.78,2.03
2012.07.19 09:08:41.720,6.9341,6.93535,2.03,2.78
2012.07.19 09:08:41.843,6.93407,6.93487,1.83,2.03
2012.07.19 09:08:41.907,6.9336,6.93487,2.78,2.03
2012.07.19 09:08:42.197,6.93374,6.93487,1.50,2.03
2012.07.19 09:08:43.218,6.93374,6.93501,2.78,2.03
2012.07.19 09:08:43.293,6.9339,6.93517,2.40,2.78
2012.07.19 09:08:44.813,6.9339,6.93517,2.03,2.78
2012.07.19 09:08:51.325,6.9339,6.93517,2.40,2.78
2012.07.19 09:08:52.143,6.9339,6.93512,2.40,1.13
2012.07.19 09:08:52.338,6.9339,6.93514,2.40,1.13
2012.07.19 09:08:52.791,6.93416,6.93518,2.03,1.13
2012.07.19 09:08:53.142,6.93431,6.93537,2.03,1.13
2012.07.19 09:08:53.377,6.93413,6.9354,2.78,2.78
2012.07.19 09:08:54.628,6.93428,6.93555,2.78,2.78
2012.07.19 09:08:56.629,6.93428,6.93553,2.78,1.13
2012.07.19 09:08:56.904,6.93428,6.93538,2.03,1.13
2012.07.19 09:08:57.078,6.93428,6.93538,2.03,1.13
2012.07.19 09:08:57.949,6.93412,6.93538,2.78,1.13
2012.07.19 09:09:00.365,6.93412,6.93539,2.78,2.78
2012.07.19 09:09:01.505,6.93412,6.93539,2.78,2.78
2012.07.19 09:09:02.841,6.9343,6.93546,2.03,1.13
2012.07.19 09:09:03.908,6.9343,6.93554,2.78,2.78
2012.07.19 09:09:04.255,6.9345,6.93563,2.78,1.50
2012.07.19 09:09:04.431,6.9345,6.93563,2.78,1.50
2012.07.19 09:09:04.493,6.9345,6.93577,2.78,2.78
2012.07.19 09:09:04.673,6.9345,6.93577,2.78,2.78
2012.07.19 09:09:05.132,6.93476,6.9359,2.03,1.13
2012.07.19 09:09:05.196,6.93476,6.9359,2.03,1.13
2012.07.19 09:09:05.259,6.93457,6.93582,2.78,2.78
2012.07.19 09:09:05.771,6.93457,6.93582,2.78,2.78
2012.07.19 09:09:14.298,6.93457,6.93582,2.78,2.78
2012.07.19 09:09:14.792,6.93457,6.93582,2.78,2.78
2012.07.19 09:09:14.854,6.93457,6.93582,2.78,2.78
2012.07.19 09:09:15.139,6.93476,6.93575,2.03,1.13
2012.07.19 09:09:15.495,6.93476,6.93575,2.03,1.13
2012.07.19 09:09:15.616,6.93476,6.93575,2.03,1.13
2012.07.19 09:09:15.783,6.93461,6.93575,2.03,1.13
2012.07.19 09:09:16.635,6.93461,6.93584,2.78,1.50
2012.07.19 09:09:16.988,6.93458,6.93585,2.78,2.78
2012.07.19 09:09:17.281,6.93518,6.93608,2.03,2.78
2012.07.19 09:09:17.346,6.93554,6.93628,2.03,1.13
2012.07.19 09:09:17.527,6.93554,6.93628,2.03,1.13
2012.07.19 09:09:17.647,6.93539,6.93628,2.03,1.13
2012.07.19 09:09:19.392,6.93581,6.93642,2.03,1.50
2012.07.19 09:09:19.746,6.93602,6.93652,2.03,1.50
2012.07.19 09:09:20.099,6.93629,6.93686,2.03,1.13
2012.07.19 09:09:20.391,6.93616,6.93686,2.03,1.13
2012.07.19 09:09:20.810,6.93618,6.93686,2.03,1.13
2012.07.19 09:09:21.330,6.93618,6.93696,2.03,1.50
2012.07.19 09:09:21.507,6.93632,6.93696,2.03,1.50
2012.07.19 09:09:21.572,6.93632,6.93707,2.03,1.50
2012.07.19 09:09:21.862,6.93648,6.93707,2.03,1.50
2012.07.19 09:09:22.381,6.93648,6.93735,2.03,1.13
2012.07.19 09:09:22.507,6.93664,6.93735,2.03,1.13
2012.07.19 09:09:22.627,6.93647,6.93735,2.03,1.13
2012.07.19 09:09:22.747,6.93647,6.93735,2.03,1.13
2012.07.19 09:09:22.926,6.93628,6.93735,2.03,1.13
2012.07.19 09:09:22.990,6.93628,6.93729,2.03,1.13
2012.07.19 09:09:23.402,6.93643,6.93729,2.03,1.13
2012.07.19 09:09:24.427,6.93643,6.93719,2.03,1.50
2012.07.19 09:09:24.607,6.93619,6.93719,2.03,1.50
2012.07.19 09:09:24.671,6.93608,6.93719,2.03,1.50
2012.07.19 09:09:24.849,6.93607,6.93692,1.83,1.50
2012.07.19 09:09:24.970,6.93585,6.93692,2.03,1.50
2012.07.19 09:09:25.147,6.93585,6.93683,2.03,1.13
2012.07.19 09:09:25.267,6.93569,6.93683,2.03,1.13
2012.07.19 09:09:25.591,6.93569,6.93683,2.03,1.13
2012.07.19 09:09:26.446,6.93583,6.93683,2.03,1.13
2012.07.19 09:09:27.324,6.93602,6.93689,2.03,1.13
2012.07.19 09:09:27.906,6.93602,6.93689,2.03,1.13
2012.07.19 09:09:28.029,6.93577,6.93671,2.03,2.78
2012.07.19 09:09:28.178,6.93548,6.93671,2.58,2.78
2012.07.19 09:09:28.747,6.93548,6.93671,2.58,2.78
2012.07.19 09:09:29.710,6.93548,6.9365,1.83,1.13
2012.07.19 09:09:29.830,6.93548,6.9365,1.83,1.50
2012.07.19 09:09:30.067,6.93524,6.9365,2.03,1.50
2012.07.19 09:09:30.131,6.93501,6.93626,2.78,2.78
2012.07.19 09:09:30.952,6.93516,6.93619,2.03,1.13
2012.07.19 09:09:31.016,6.93516,6.93619,2.03,1.13
2012.07.19 09:09:31.981,6.93516,6.93614,2.03,1.50
2012.07.19 09:09:32.427,6.93499,6.93614,2.03,1.50
2012.07.19 09:09:32.964,6.93514,6.93603,2.03,1.13
2012.07.19 09:09:33.308,6.93514,6.93603,2.03,1.50
2012.07.19 09:09:33.673,6.93514,6.93603,2.03,1.13
2012.07.19 09:09:34.064,6.93514,6.93603,2.03,1.50
2012.07.19 09:09:34.243,6.93499,6.93603,2.03,1.50
2012.07.19 09:09:34.422,6.93483,6.93603,2.03,1.50
2012.07.19 09:09:34.660,6.93476,6.93577,2.03,1.13
2012.07.19 09:09:34.837,6.93464,6.93577,2.40,1.13
2012.07.19 09:09:35.350,6.93464,6.93589,2.78,2.78
2012.07.19 09:09:35.947,6.93496,6.93597,2.03,1.13
2012.07.19 09:09:36.014,6.93513,6.93597,2.03,1.13
2012.07.19 09:09:37.321,6.93513,6.93622,2.40,1.13
2012.07.19 09:09:37.385,6.9353,6.93622,2.03,1.13
2012.07.19 09:09:37.725,6.9353,6.93617,2.03,1.13
2012.07.19 09:09:38.388,6.9353,6.93617,2.03,1.13
2012.07.19 09:09:39.690,6.93505,6.93617,2.40,1.13
2012.07.19 09:09:42.134,6.93505,6.93617,2.40,1.13
2012.07.19 09:09:43.886,6.93521,6.93617,2.03,1.13
2012.07.19 09:09:45.090,6.93543,6.93611,2.03,1.13
2012.07.19 09:09:45.324,6.93519,6.93611,2.03,1.13
2012.07.19 09:09:45.447,6.93518,6.93597,2.03,1.50
2012.07.19 09:09:45.801,6.93501,6.9358,2.03,1.50
2012.07.19 09:09:46.150,6.93501,6.93554,2.03,1.13
2012.07.19 09:09:46.270,6.93501,6.93567,2.03,1.13
2012.07.19 09:09:46.808,6.93477,6.93567,2.03,1.13
2012.07.19 09:09:46.878,6.93439,6.93564,2.78,2.78
2012.07.19 09:09:47.714,6.93453,6.93559,2.03,1.13
2012.07.19 09:09:48.354,6.93453,6.93549,2.03,1.13
2012.07.19 09:09:48.589,6.93437,6.93549,1.83,1.13
2012.07.19 09:09:48.708,6.93437,6.93546,1.83,1.13
2012.07.19 09:09:49.155,6.93437,6.93555,2.58,2.78
2012.07.19 09:09:49.503,6.93473,6.93563,2.03,1.13
2012.07.19 09:09:50.223,6.93492,6.93577,2.03,1.88
2012.07.19 09:09:50.572,6.93508,6.93591,2.03,1.13
2012.07.19 09:09:50.691,6.93508,6.93591,2.03,1.13
2012.07.19 09:09:50.837,6.93491,6.93591,2.03,1.13
2012.07.19 09:09:50.957,6.93491,6.93577,2.03,1.13
2012.07.19 09:09:55.633,6.93491,6.93575,2.03,1.13
2012.07.19 09:09:56.474,6.93475,6.93575,2.03,1.13
2012.07.19 09:09:56.824,6.93452,6.93575,2.78,3.15
2012.07.19 09:09:57.418,6.93426,6.93546,2.78,2.03
2012.07.19 09:09:57.596,6.93421,6.93546,2.78,2.78
2012.07.19 09:09:57.660,6.93421,6.93537,2.78,1.13
2012.07.19 09:09:57.724,6.9341,6.9353,1.50,2.03
2012.07.19 09:09:57.902,6.93405,6.93529,1.13,1.13
2012.07.19 09:09:57.967,6.93405,6.93514,1.13,2.78
2012.07.19 09:09:58.262,6.93397,6.93521,2.58,4.80
2012.07.19 09:09:59.804,6.93397,6.93521,2.58,2.78
2012.07.19 09:10:00.581,6.93397,6.93513,1.83,1.13
2012.07.19 09:10:00.701,6.93394,6.93513,2.03,1.13
2012.07.19 09:10:00.822,6.93394,6.93513,2.03,1.13
2012.07.19 09:10:01.116,6.93361,6.93488,2.78,2.03
2012.07.19 09:10:01.181,6.93361,6.93488,2.78,2.03
2012.07.19 09:10:01.534,6.93437,6.93531,2.03,2.78
2012.07.19 09:10:02.112,6.9342,6.93547,2.78,2.78
2012.07.19 09:10:03.450,6.9342,6.93547,2.78,2.78
2012.07.19 09:10:03.661,6.9342,6.93547,2.78,2.78
2012.07.19 09:10:03.783,6.9342,6.93547,2.40,2.78
2012.07.19 09:10:07.209,6.93393,6.9352,2.78,2.78
2012.07.19 09:10:07.385,6.93393,6.9352,2.78,2.78
2012.07.19 09:10:07.504,6.93393,6.93519,2.78,2.78
2012.07.19 09:10:08.039,6.93393,6.93519,2.78,2.78
2012.07.19 09:10:09.405,6.9341,6.93537,2.78,2.78
2012.07.19 09:10:09.467,6.9341,6.93537,2.78,2.78
2012.07.19 09:10:09.815,6.93416,6.93541,2.78,2.78
2012.07.19 09:10:12.857,6.93416,6.93541,2.78,2.78
2012.07.19 09:10:16.044,6.93432,6.93553,2.03,1.13
2012.07.19 09:10:16.391,6.93432,6.93552,2.78,1.13
2012.07.19 09:10:16.845,6.93457,6.93552,2.03,1.13
2012.07.19 09:10:17.766,6.93434,6.93559,2.78,2.78
2012.07.19 09:10:20.730,6.93434,6.93543,2.03,1.13
2012.07.19 09:10:21.281,6.93398,6.93523,2.78,2.78
2012.07.19 09:10:21.599,6.93398,6.93518,2.78,1.13
2012.07.19 09:10:21.966,6.93398,6.93523,2.78,2.78
2012.07.19 09:10:22.323,6.93414,6.93541,2.78,2.78
2012.07.19 09:10:22.918,6.93433,6.9356,2.78,3.15
2012.07.19 09:10:23.151,6.93433,6.9356,2.78,3.15
2012.07.19 09:10:23.980,6.93433,6.9356,2.78,2.78
2012.07.19 09:10:26.646,6.93449,6.93578,2.78,1.50
2012.07.19 09:10:27.000,6.93523,6.93602,2.03,1.13
2012.07.19 09:10:27.254,6.93517,6.93602,2.03,1.13
2012.07.19 09:10:27.717,6.93499,6.93579,2.03,1.13
2012.07.19 09:10:27.839,6.93476,6.93579,2.03,1.13
2012.07.19 09:10:27.903,6.93461,6.93579,2.78,1.13
2012.07.19 09:10:27.968,6.93461,6.93573,2.03,1.50
2012.07.19 09:10:28.032,6.93444,6.93562,2.78,1.13
2012.07.19 09:10:28.266,6.93461,6.93562,2.03,1.13
2012.07.19 09:10:28.578,6.93461,6.93562,2.03,1.13
2012.07.19 09:10:32.263,6.93436,6.93562,2.78,1.13
2012.07.19 09:10:32.649,6.93462,6.93562,2.03,1.13
2012.07.19 09:10:32.962,6.93462,6.93587,2.78,2.78
2012.07.19 09:10:33.313,6.93509,6.93592,2.03,1.13
2012.07.19 09:10:33.766,6.93509,6.93592,2.03,1.13
2012.07.19 09:10:33.947,6.93485,6.93592,2.03,1.13
2012.07.19 09:10:35.135,6.93468,6.93592,2.78,1.13
2012.07.19 09:10:35.199,6.93468,6.93578,2.40,1.13
2012.07.19 09:10:35.789,6.93436,6.93551,2.03,1.50
2012.07.19 09:10:35.853,6.93418,6.93543,2.78,2.03
2012.07.19 09:10:36.158,6.93418,6.93543,2.78,2.78
2012.07.19 09:10:36.222,6.93418,6.93531,2.03,1.50
2012.07.19 09:10:36.343,6.93397,6.93524,4.61,2.40
2012.07.19 09:10:36.464,6.93397,6.93501,1.83,2.40
2012.07.19 09:10:36.528,6.93374,6.93501,2.78,2.40
2012.07.19 09:10:36.649,6.93373,6.93484,1.50,2.03
2012.07.19 09:10:36.998,6.93339,6.93466,2.78,2.03
2012.07.19 09:10:37.768,6.93339,6.93466,2.78,2.78
2012.07.19 09:10:37.889,6.93339,6.93466,2.78,2.03
2012.07.19 09:10:38.393,6.93339,6.93466,2.78,2.78
2012.07.19 09:10:38.456,6.93339,6.93466,2.78,2.78
2012.07.19 09:10:38.985,6.93339,6.93466,2.78,2.78
2012.07.19 09:10:43.318,6.93354,6.93481,2.78,2.78
2012.07.19 09:10:43.981,6.93354,6.93466,2.03,1.50
2012.07.19 09:10:44.159,6.93337,6.93464,2.78,2.40
2012.07.19 09:10:44.222,6.93337,6.93464,2.03,2.78
2012.07.19 09:10:44.596,6.93277,6.93404,2.78,2.03
2012.07.19 09:10:45.214,6.93277,6.93404,2.78,2.03
2012.07.19 09:10:49.006,6.93297,6.93422,2.78,2.78
2012.07.19 09:10:55.038,6.93297,6.93422,2.78,2.78
2012.07.19 09:10:55.391,6.93337,6.93449,2.40,1.13
2012.07.19 09:10:55.456,6.93337,6.93449,2.40,1.13
2012.07.19 09:10:55.636,6.93337,6.93449,2.40,1.13
2012.07.19 09:10:55.902,6.93352,6.93449,2.03,1.13
2012.07.19 09:10:56.234,6.93321,6.93443,2.40,1.50
2012.07.19 09:10:58.380,6.93321,6.93433,2.40,1.13
2012.07.19 09:10:58.731,6.93294,6.93419,2.78,2.03
2012.07.19 09:10:58.857,6.93309,6.93433,2.78,3.15
2012.07.19 09:10:59.312,6.93309,6.93427,2.78,1.13
2012.07.19 09:10:59.943,6.93309,6.93423,2.78,1.13
2012.07.19 09:11:00.540,6.93294,6.93412,2.03,1.50
2012.07.19 09:11:00.605,6.93275,6.93402,2.78,2.78
2012.07.19 09:11:00.669,6.93275,6.93393,2.03,1.50
2012.07.19 09:11:00.735,6.93275,6.93391,2.03,1.50
2012.07.19 09:11:00.857,6.93253,6.93379,2.78,2.40
2012.07.19 09:11:00.921,6.93253,6.93376,2.78,1.13
2012.07.19 09:11:00.984,6.93237,6.93362,2.78,2.40
2012.07.19 09:11:01.274,6.93228,6.93346,2.58,2.03
2012.07.19 09:11:02.068,6.93219,6.93346,2.78,2.03
2012.07.19 09:11:02.168,6.93235,6.9336,2.78,2.40
2012.07.19 09:11:02.233,6.93235,6.93356,2.78,1.13
2012.07.19 09:11:02.549,6.93208,6.93332,1.50,2.03
2012.07.19 09:11:03.851,6.93228,6.93354,2.78,2.78
2012.07.19 09:11:04.346,6.93246,6.93371,2.78,2.78
2012.07.19 09:11:04.657,6.93246,6.93363,2.78,1.13
2012.07.19 09:11:04.836,6.9323,6.93354,2.78,1.50
2012.07.19 09:11:06.538,6.9323,6.93357,2.78,2.78
2012.07.19 09:11:06.714,6.9323,6.93357,2.78,2.03
2012.07.19 09:11:06.837,6.9325,6.93369,2.78,1.13
2012.07.19 09:11:06.901,6.9325,6.93365,2.78,1.13
2012.07.19 09:11:07.194,6.93235,6.9336,2.78,2.78
2012.07.19 09:11:08.358,6.93235,6.9336,2.03,2.78
2012.07.19 09:11:08.536,6.93219,6.93346,2.78,2.78
2012.07.19 09:11:14.305,6.93256,6.9337,2.03,1.50
2012.07.19 09:11:14.368,6.93256,6.9337,2.40,1.13
2012.07.19 09:11:14.431,6.93272,6.93381,2.03,1.13
2012.07.19 09:11:14.788,6.93273,6.93379,2.03,1.50
2012.07.19 09:11:16.419,6.9325,6.93375,2.03,2.78
2012.07.19 09:11:16.483,6.93249,6.93353,2.03,2.03
2012.07.19 09:11:16.546,6.93234,6.93353,1.88,2.03
2012.07.19 09:11:16.610,6.93226,6.93353,2.78,2.03
2012.07.19 09:11:16.730,6.93207,6.93327,1.50,2.03
2012.07.19 09:11:17.028,6.93224,6.93351,2.78,2.78
2012.07.19 09:11:18.900,6.93224,6.93351,2.03,2.78
2012.07.19 09:11:19.401,6.93207,6.93334,2.78,2.40
2012.07.19 09:11:20.280,6.93224,6.93344,2.03,1.50
2012.07.19 09:11:22.495,6.93203,6.93328,2.78,2.03
2012.07.19 09:11:22.844,6.93209,6.93332,2.03,1.50
2012.07.19 09:11:22.908,6.93209,6.93334,2.78,1.13
2012.07.19 09:11:23.167,6.93209,6.93336,2.78,3.15
2012.07.19 09:11:23.345,6.93227,6.93336,2.03,1.13
2012.07.19 09:11:23.653,6.93227,6.93345,2.78,1.13
2012.07.19 09:11:25.834,6.93227,6.93336,2.03,1.50
2012.07.19 09:11:25.897,6.93203,6.93327,2.78,1.13
2012.07.19 09:11:25.960,6.93203,6.93327,2.03,1.50
2012.07.19 09:11:26.083,6.93197,6.93314,1.83,2.78
2012.07.19 09:11:26.262,6.93197,6.93314,1.83,2.78
2012.07.19 09:11:26.325,6.93189,6.93299,2.03,1.50
2012.07.19 09:11:26.731,6.93169,6.93295,2.78,2.78
2012.07.19 09:11:27.337,6.93169,6.93295,2.78,2.03
2012.07.19 09:11:28.417,6.93169,6.93295,2.78,2.40
2012.07.19 09:11:29.077,6.93169,6.93295,2.78,2.03
2012.07.19 09:11:29.200,6.93226,6.93318,2.03,2.03
2012.07.19 09:11:29.264,6.93226,6.93332,2.03,1.13
2012.07.19 09:11:29.783,6.93225,6.93332,2.03,1.13
2012.07.19 09:11:30.167,6.93225,6.9333,2.03,1.50
2012.07.19 09:11:30.301,6.93203,6.93317,2.78,1.13
2012.07.19 09:11:30.545,6.93203,6.93313,2.03,1.50
2012.07.19 09:11:30.667,6.9317,6.93295,1.35,2.03
2012.07.19 09:11:30.958,6.93153,6.9328,2.78,2.03
2012.07.19 09:11:31.021,6.9316,6.9328,2.78,2.03
2012.07.19 09:11:31.084,6.93184,6.93285,2.03,1.13
2012.07.19 09:11:31.385,6.93165,6.93285,2.78,1.13
2012.07.19 09:11:32.406,6.93165,6.93291,2.78,2.78
2012.07.19 09:11:32.759,6.93206,6.93308,2.03,1.50
2012.07.19 09:11:32.937,6.93206,6.93319,2.40,1.13
2012.07.19 09:11:33.001,6.93206,6.93319,2.40,1.13
2012.07.19 09:11:33.067,6.93235,6.93319,2.03,1.13
2012.07.19 09:11:33.367,6.93216,6.93319,2.03,1.13
2012.07.19 09:11:34.246,6.93216,6.93316,2.03,1.50
2012.07.19 09:11:36.643,6.93216,6.93316,2.03,1.13
2012.07.19 09:11:36.747,6.93216,6.93332,2.78,1.13
2012.07.19 09:11:37.094,6.93233,6.93346,2.78,1.13
2012.07.19 09:11:37.157,6.93233,6.93348,2.78,1.13
2012.07.19 09:11:37.220,6.93248,6.93348,2.03,1.13
2012.07.19 09:11:37.521,6.93258,6.9336,2.03,1.50
2012.07.19 09:11:38.382,6.93238,6.93352,2.40,1.50
2012.07.19 09:11:39.188,6.93238,6.93352,2.03,1.50
2012.07.19 09:11:39.886,6.93238,6.9335,2.03,1.13
2012.07.19 09:11:40.977,6.93238,6.93341,2.03,1.13
2012.07.19 09:11:41.237,6.9322,6.93341,2.03,1.50
2012.07.19 09:11:41.927,6.9322,6.93338,2.78,1.50
2012.07.19 09:11:42.414,6.93238,6.93338,2.03,1.50
2012.07.19 09:11:42.565,6.93238,6.93351,2.40,1.13
2012.07.19 09:11:42.800,6.93238,6.93347,2.40,1.13
2012.07.19 09:11:43.198,6.93238,6.9335,2.40,1.13
2012.07.19 09:11:43.664,6.93252,6.9335,2.03,1.13
2012.07.19 09:11:44.483,6.93252,6.93359,2.03,1.13
2012.07.19 09:11:44.549,6.93252,6.93362,2.03,1.13
2012.07.19 09:11:45.182,6.93252,6.93359,2.03,1.13
2012.07.19 09:11:46.377,6.93252,6.93361,2.03,1.13
2012.07.19 09:11:46.596,6.93252,6.93359,2.03,1.13
2012.07.19 09:11:47.313,6.93236,6.93352,2.03,1.50
2012.07.19 09:11:52.560,6.93236,6.93355,2.78,1.13
2012.07.19 09:11:53.670,6.93236,6.93355,2.78,1.13
2012.07.19 09:11:53.733,6.93236,6.93347,2.40,1.13
2012.07.19 09:11:56.453,6.93238,6.9334,2.03,1.13
2012.07.19 09:11:58.021,6.93238,6.93336,2.03,1.13
2012.07.19 09:11:58.260,6.93213,6.93336,4.80,1.13
2012.07.19 09:11:58.442,6.93213,6.93338,2.78,3.15
2012.07.19 09:11:58.756,6.93213,6.93336,2.78,1.13
2012.07.19 09:11:59.082,6.93213,6.93338,2.78,3.15
2012.07.19 09:11:59.506,6.93213,6.93336,2.78,1.13
2012.07.19 09:11:59.626,6.93213,6.93338,2.78,3.15
2012.07.19 09:12:00.717,6.93213,6.93336,2.78,1.13
2012.07.19 09:12:01.220,6.93213,6.93338,2.78,2.78
2012.07.19 09:12:01.394,6.93213,6.93338,2.78,2.78
2012.07.19 09:12:01.625,6.93233,6.93343,2.03,1.13
2012.07.19 09:12:01.974,6.93197,6.93318,1.83,1.50
2012.07.19 09:12:02.153,6.93177,6.93302,2.78,2.40
2012.07.19 09:12:02.217,6.93158,6.93283,2.78,2.03
2012.07.19 09:12:02.501,6.93176,6.93299,2.78,1.13
2012.07.19 09:12:04.339,6.93191,6.93299,2.03,1.13
2012.07.19 09:12:06.967,6.93175,6.93299,2.78,3.15
2012.07.19 09:12:08.316,6.93175,6.93299,2.78,3.15
2012.07.19 09:12:08.423,6.93175,6.93293,2.78,1.13
2012.07.19 09:12:08.772,6.93175,6.93293,2.78,1.13
2012.07.19 09:12:08.987,6.93175,6.93293,2.78,1.13
2012.07.19 09:12:10.749,6.93175,6.93242,2.03,1.13
2012.07.19 09:12:11.098,6.93175,6.93233,2.03,1.50
2012.07.19 09:12:11.406,6.9315,6.93194,2.03,2.03
2012.07.19 09:12:11.755,6.93087,6.93194,2.58,2.03
2012.07.19 09:12:12.248,6.93094,6.93219,2.78,2.40
2012.07.19 09:12:15.605,6.93094,6.93219,2.78,2.03
2012.07.19 09:12:15.725,6.93119,6.93238,2.78,1.13
2012.07.19 09:12:15.960,6.93119,6.93243,2.78,1.50
2012.07.19 09:12:16.252,6.93139,6.93248,2.03,1.50
2012.07.19 09:12:17.039,6.93155,6.9327,2.03,1.50
2012.07.19 09:12:17.158,6.93155,6.93271,2.78,1.13
2012.07.19 09:12:17.278,6.93155,6.9327,2.03,1.50
2012.07.19 09:12:17.515,6.93137,6.93252,2.40,1.13
2012.07.19 09:12:18.615,6.93137,6.93254,2.78,1.13
2012.07.19 09:12:19.760,6.93137,6.93252,2.40,1.50
2012.07.19 09:12:20.145,6.93137,6.93253,2.78,1.50
2012.07.19 09:12:20.214,6.93177,6.93282,2.03,1.50
2012.07.19 09:12:21.159,6.93177,6.93295,2.78,1.13
2012.07.19 09:12:24.004,6.93145,6.9327,2.78,2.03
2012.07.19 09:12:24.425,6.93145,6.9327,2.78,2.03
2012.07.19 09:12:25.740,6.93145,6.9327,2.78,2.40
2012.07.19 09:12:25.858,6.93145,6.9327,2.78,2.03
2012.07.19 09:12:29.114,6.93145,6.9327,2.78,2.40
2012.07.19 09:12:30.581,6.93161,6.93272,2.03,1.50
2012.07.19 09:12:30.856,6.93161,6.93282,2.78,1.50
2012.07.19 09:12:32.253,6.93161,6.93286,2.78,2.78
2012.07.19 09:12:34.417,6.93161,6.93282,2.78,1.13
2012.07.19 09:12:42.256,6.93161,6.93275,2.78,1.13
2012.07.19 09:12:43.664,6.93161,6.93286,2.78,2.78
2012.07.19 09:12:43.780,6.93161,6.93286,2.78,2.78
2012.07.19 09:12:45.446,6.93179,6.93283,2.03,1.50
2012.07.19 09:12:45.509,6.93162,6.93283,2.40,1.50
2012.07.19 09:12:51.819,6.93162,6.93286,2.78,1.13
2012.07.19 09:12:52.163,6.93148,6.93254,2.58,2.03
2012.07.19 09:12:52.342,6.93148,6.9327,2.58,2.03
2012.07.19 09:12:53.053,6.93148,6.9327,2.58,2.03
2012.07.19 09:12:55.054,6.9316,6.93287,2.78,2.78
2012.07.19 09:12:57.793,6.9316,6.93287,2.78,2.40
2012.07.19 09:12:59.309,6.93148,6.93268,2.58,2.03
2012.07.19 09:13:01.972,6.93148,6.93268,2.21,2.78
2012.07.19 09:13:02.205,6.93143,6.93268,2.78,2.03
2012.07.19 09:13:02.268,6.93166,6.93283,2.40,1.50
2012.07.19 09:13:04.880,6.93166,6.93286,2.78,1.13
2012.07.19 09:13:06.216,6.93166,6.93293,2.78,2.78
2012.07.19 09:13:06.659,6.93166,6.93293,2.78,2.78
2012.07.19 09:13:06.782,6.93143,6.93268,2.78,2.03
2012.07.19 09:13:06.845,6.93128,6.93245,1.50,2.03
2012.07.19 09:13:06.911,6.93128,6.93245,1.50,2.03
2012.07.19 09:13:07.092,6.93123,6.93225,1.50,2.03
2012.07.19 09:13:08.814,6.93098,6.93225,2.78,2.03
2012.07.19 09:13:09.330,6.93119,6.93246,2.03,2.03
2012.07.19 09:13:09.678,6.93123,6.93248,2.03,2.03
2012.07.19 09:13:10.924,6.93107,6.93234,3.86,2.03
2012.07.19 09:13:13.069,6.93107,6.93234,3.86,2.78
2012.07.19 09:13:14.732,6.93123,6.93248,2.03,2.78
2012.07.19 09:13:15.908,6.93123,6.93248,2.03,2.78
2012.07.19 09:13:16.083,6.93141,6.93262,2.03,1.50
2012.07.19 09:13:16.224,6.93125,6.93249,2.03,2.78
2012.07.19 09:13:16.473,6.93125,6.93249,2.03,2.03
2012.07.19 09:13:16.650,6.93125,6.93249,2.03,2.78
2012.07.19 09:13:16.713,6.93113,6.93237,2.03,2.03
2012.07.19 09:13:16.849,6.93128,6.93253,2.03,2.78
2012.07.19 09:13:17.273,6.9311,6.93237,2.03,2.03
2012.07.19 09:13:18.952,6.9311,6.93237,4.05,2.78
2012.07.19 09:13:19.408,6.93117,6.93242,2.03,2.78
2012.07.19 09:13:20.255,6.93117,6.93242,2.03,2.78
2012.07.19 09:13:20.318,6.93097,6.93222,2.03,2.03
2012.07.19 09:13:20.826,6.93113,6.93237,2.03,2.03
2012.07.19 09:13:21.354,6.93129,6.93256,2.03,2.78
2012.07.19 09:13:21.949,6.93146,6.93271,2.03,2.78
2012.07.19 09:13:22.095,6.93146,6.93271,2.03,2.78
2012.07.19 09:13:22.158,6.9313,6.93257,2.03,2.78
2012.07.19 09:13:22.804,6.9313,6.93257,2.03,2.78
2012.07.19 09:13:22.925,6.93116,6.93241,2.03,2.03
2012.07.19 09:13:24.897,6.93092,6.93217,2.03,2.03
2012.07.19 09:13:26.205,6.93119,6.93242,2.03,2.78
2012.07.19 09:13:26.325,6.93091,6.93215,2.03,2.03
2012.07.19 09:13:27.157,6.9311,6.93237,2.03,2.78
2012.07.19 09:13:27.258,6.9311,6.93237,2.03,2.78
2012.07.19 09:13:28.179,6.93092,6.93219,2.03,2.03
2012.07.19 09:13:28.606,6.93088,6.93204,1.83,2.03
2012.07.19 09:13:30.172,6.93096,6.9322,2.03,2.78
2012.07.19 09:13:31.428,6.93069,6.93196,2.03,2.78
2012.07.19 09:13:31.495,6.9306,6.93187,2.78,2.03
2012.07.19 09:13:31.559,6.9306,6.93187,2.03,2.03
2012.07.19 09:13:31.852,6.93077,6.93202,2.03,2.03
2012.07.19 09:13:33.273,6.93061,6.93188,2.78,2.03
2012.07.19 09:13:33.394,6.93062,6.93188,1.50,2.03
2012.07.19 09:13:33.918,6.93079,6.93206,2.03,2.03
2012.07.19 09:13:34.041,6.93104,6.93229,2.03,2.78
2012.07.19 09:13:34.162,6.93082,6.93208,2.03,2.03
2012.07.19 09:13:35.863,6.93082,6.93208,2.03,2.78
2012.07.19 09:13:36.156,6.93082,6.93208,2.78,2.03
2012.07.19 09:13:36.509,6.93097,6.93219,2.40,1.13
2012.07.19 09:13:36.631,6.93097,6.93219,2.40,1.13
2012.07.19 09:13:36.809,6.93097,6.93222,2.78,2.78
2012.07.19 09:13:37.133,6.93119,6.93231,2.78,2.03
2012.07.19 09:13:37.343,6.93119,6.93246,2.78,2.78
2012.07.19 09:13:37.907,6.93119,6.93246,2.78,2.78
2012.07.19 09:13:38.200,6.93119,6.93246,2.78,2.03
2012.07.19 09:13:38.378,6.93168,6.93274,2.03,1.13
2012.07.19 09:13:38.615,6.93124,6.93251,2.78,2.03
2012.07.19 09:13:38.777,6.93124,6.93251,2.78,2.03
2012.07.19 09:13:38.898,6.93103,6.93228,2.78,2.03
2012.07.19 09:13:39.133,6.93119,6.93244,2.78,2.03
2012.07.19 09:13:40.257,6.93119,6.93244,2.78,2.78
2012.07.19 09:13:40.562,6.93125,6.93251,2.78,2.78
2012.07.19 09:13:40.854,6.93109,6.93236,2.78,2.03
2012.07.19 09:13:41.073,6.93125,6.9325,2.78,2.78
2012.07.19 09:13:41.890,6.93125,6.9325,2.78,2.78
2012.07.19 09:13:42.312,6.93125,6.9325,2.78,2.78
2012.07.19 09:13:42.614,6.93151,6.93255,2.03,1.13
2012.07.19 09:13:45.276,6.93142,6.93255,2.40,1.13
2012.07.19 09:13:46.467,6.93104,6.93228,2.78,2.03
2012.07.19 09:13:48.417,6.93121,6.93245,2.78,2.78
2012.07.19 09:13:48.654,6.93104,6.93231,2.78,2.03
2012.07.19 09:13:49.966,6.93104,6.93231,2.78,2.03
2012.07.19 09:13:50.936,6.93104,6.93231,2.78,2.03
2012.07.19 09:13:51.350,6.93129,6.93254,2.78,5.18
2012.07.19 09:13:57.801,6.93129,6.93248,2.78,1.13
2012.07.19 09:13:58.301,6.93109,6.93236,2.78,2.03
2012.07.19 09:14:03.032,6.93109,6.93236,2.78,2.78
2012.07.19 09:14:03.151,6.93109,6.93229,2.03,1.50
2012.07.19 09:14:03.387,6.93109,6.9322,2.03,1.50
2012.07.19 09:14:03.743,6.93062,6.93186,2.78,2.03
2012.07.19 09:14:03.807,6.93062,6.93186,2.78,2.03
2012.07.19 09:14:04.388,6.93059,6.93184,2.78,2.03
2012.07.19 09:14:04.628,6.93111,6.93236,2.78,2.78
2012.07.19 09:14:04.692,6.93111,6.93228,2.40,1.50
2012.07.19 09:14:04.928,6.93095,6.93214,2.40,1.13
2012.07.19 09:14:05.284,6.93095,6.9321,2.40,1.13
2012.07.19 09:14:05.640,6.93077,6.93204,2.78,2.03
2012.07.19 09:14:06.525,6.93054,6.93181,4.80,2.03
2012.07.19 09:14:06.588,6.93054,6.93181,4.80,2.03
2012.07.19 09:14:07.367,6.9307,6.93196,2.78,2.03
2012.07.19 09:14:08.330,6.9307,6.93196,2.78,2.03
2012.07.19 09:14:08.508,6.93092,6.93216,2.78,2.78
2012.07.19 09:14:08.572,6.93109,6.93226,2.40,1.50
2012.07.19 09:14:09.666,6.93109,6.93233,2.78,2.03
2012.07.19 09:14:10.737,6.93109,6.93233,2.78,2.03
2012.07.19 09:14:12.687,6.93109,6.93233,2.78,2.03
2012.07.19 09:14:12.862,6.93127,6.9325,2.78,1.50
2012.07.19 09:14:13.183,6.93104,6.93229,2.78,2.03
2012.07.19 09:14:14.086,6.93104,6.93229,2.78,2.40
2012.07.19 09:14:16.990,6.93104,6.93229,2.78,2.78
2012.07.19 09:14:20.056,6.93104,6.93229,2.78,2.03
2012.07.19 09:14:20.231,6.93128,6.9324,2.40,1.13
2012.07.19 09:14:20.831,6.93128,6.9325,2.40,1.50
2012.07.19 09:14:21.116,6.93128,6.9325,2.78,1.13
2012.07.19 09:14:21.179,6.93128,6.93249,2.78,1.13
2012.07.19 09:14:21.391,6.93128,6.93249,2.78,1.13
2012.07.19 09:14:22.787,6.93113,6.93237,2.78,2.03
2012.07.19 09:14:22.963,6.93113,6.93237,2.78,2.78
2012.07.19 09:14:23.139,6.93098,6.93223,2.78,2.03
2012.07.19 09:14:24.715,6.93098,6.93223,2.78,2.03
2012.07.19 09:14:24.848,6.93098,6.93223,2.78,2.40
2012.07.19 09:14:26.047,6.93098,6.93221,2.78,1.13
2012.07.19 09:14:26.401,6.93057,6.93169,2.58,2.03
2012.07.19 09:14:26.643,6.93062,6.93189,2.78,2.03
2012.07.19 09:14:26.709,6.93062,6.93189,2.78,2.03
2012.07.19 09:14:26.947,6.93078,6.93204,2.78,2.03
2012.07.19 09:14:27.583,6.93078,6.93204,2.78,2.03
2012.07.19 09:14:27.969,6.93095,6.9322,2.78,2.78
2012.07.19 09:14:28.392,6.93095,6.9322,2.78,2.03
2012.07.19 09:14:28.512,6.93118,6.93241,2.78,1.13
2012.07.19 09:14:29.573,6.93097,6.93224,2.78,2.03
2012.07.19 09:14:30.237,6.93097,6.93224,2.78,2.03
2012.07.19 09:14:30.481,6.93089,6.93208,1.50,2.03
2012.07.19 09:14:30.909,6.93098,6.93223,2.78,2.03
2012.07.19 09:14:31.721,6.93098,6.93223,2.78,2.40
2012.07.19 09:14:33.359,6.93098,6.93223,2.78,2.03
2012.07.19 09:14:36.733,6.93106,6.93223,1.50,2.03
2012.07.19 09:14:36.908,6.93113,6.9324,2.78,2.03
2012.07.19 09:14:37.197,6.93138,6.93263,2.78,1.13
2012.07.19 09:14:37.372,6.93138,6.93265,2.78,2.40
2012.07.19 09:14:38.144,6.93138,6.93263,2.78,1.13
2012.07.19 09:14:39.464,6.93138,6.93265,2.78,2.40
2012.07.19 09:14:39.696,6.93138,6.93265,2.78,2.03
2012.07.19 09:14:40.215,6.93145,6.93265,1.50,2.03
2012.07.19 09:14:40.446,6.93161,6.93288,2.78,4.05
2012.07.19 09:14:40.565,6.93179,6.93303,2.78,2.03
2012.07.19 09:14:46.800,6.93179,6.93303,2.78,2.03
2012.07.19 09:14:47.087,6.9321,6.93321,2.40,1.13
2012.07.19 09:14:47.264,6.93192,6.93317,2.78,2.03
2012.07.19 09:14:47.383,6.93209,6.93321,2.40,1.13
2012.07.19 09:14:48.587,6.93209,6.93327,2.78,1.13
2012.07.19 09:14:48.870,6.93209,6.93334,2.78,3.53
2012.07.19 09:14:49.586,6.93217,6.93334,1.13,3.53
2012.07.19 09:14:50.520,6.93223,6.93334,1.13,3.15
2012.07.19 09:14:50.862,6.93237,6.93334,1.50,2.78
2012.07.19 09:14:51.100,6.93258,6.93358,1.13,2.78
2012.07.19 09:14:51.220,6.93258,6.93358,1.13,2.78
2012.07.19 09:14:51.340,6.93258,6.93358,1.13,2.03
2012.07.19 09:14:51.460,6.93235,6.93358,1.13,2.78
2012.07.19 09:14:51.825,6.93249,6.93343,1.13,2.03
2012.07.19 09:14:52.272,6.93249,6.93361,1.13,1.13
2012.07.19 09:14:53.053,6.9326,6.93366,1.50,2.78
2012.07.19 09:14:53.400,6.93275,6.93384,1.13,1.13
2012.07.19 09:14:54.292,6.93281,6.93395,1.50,2.78
2012.07.19 09:14:54.636,6.93271,6.93387,1.13,1.50
2012.07.19 09:14:55.400,6.93271,6.93378,1.13,2.03
2012.07.19 09:14:55.466,6.93271,6.93378,1.13,2.03
2012.07.19 09:14:55.591,6.93271,6.93362,1.13,2.03
2012.07.19 09:15:00.938,6.93248,6.93362,1.13,2.78
2012.07.19 09:15:01.002,6.93237,6.93362,2.78,2.78
2012.07.19 09:15:01.286,6.93237,6.93352,2.03,1.50
2012.07.19 09:15:01.414,6.93209,6.93331,1.50,1.50
2012.07.19 09:15:01.649,6.93209,6.9331,1.50,2.03
2012.07.19 09:15:01.959,6.93209,6.93306,1.50,2.03
2012.07.19 09:15:02.023,6.93196,6.93321,2.78,2.03
2012.07.19 09:15:02.085,6.93196,6.93321,2.78,2.03
2012.07.19 09:15:04.731,6.93196,6.93321,2.78,2.78
2012.07.19 09:15:04.849,6.93196,6.93321,2.78,2.40
2012.07.19 09:15:05.314,6.93196,6.93321,2.78,2.03
2012.07.19 09:15:06.377,6.93212,6.93327,2.78,1.13
2012.07.19 09:15:08.983,6.93212,6.93336,2.78,2.78
2012.07.19 09:15:09.177,6.93212,6.93336,2.78,2.03
2012.07.19 09:15:09.529,6.93245,6.93356,2.03,1.50
2012.07.19 09:15:10.021,6.93224,6.93349,2.78,2.78
2012.07.19 09:15:10.084,6.93224,6.93334,2.03,1.50
2012.07.19 09:15:10.373,6.93204,6.93329,2.78,2.40
2012.07.19 09:15:10.895,6.93223,6.93329,2.03,1.13
2012.07.19 09:15:10.960,6.93206,6.93329,2.78,1.13
2012.07.19 09:15:12.110,6.93206,6.93324,2.78,1.13
2012.07.19 09:15:12.713,6.93206,6.93331,2.78,2.78
2012.07.19 09:15:13.015,6.9319,6.93317,2.78,2.03
2012.07.19 09:15:15.041,6.9319,6.93317,2.78,2.78
2012.07.19 09:15:15.122,6.9319,6.93317,2.78,2.78
2012.07.19 09:15:17.234,6.9319,6.93317,2.78,2.78
2012.07.19 09:15:17.410,6.9319,6.93317,2.78,2.78
2012.07.19 09:15:17.820,6.93166,6.93293,2.78,2.03
2012.07.19 09:15:18.493,6.93183,6.93308,2.78,2.03
2012.07.19 09:15:19.043,6.93183,6.93308,2.78,2.03
2012.07.19 09:15:19.123,6.93206,6.93332,2.78,2.78
2012.07.19 09:15:19.927,6.93211,6.93333,1.50,2.03
2012.07.19 09:15:20.048,6.93232,6.93333,2.78,2.03
2012.07.19 09:15:20.111,6.93256,6.93361,2.78,1.50
2012.07.19 09:15:20.175,6.93256,6.93374,2.78,1.13
2012.07.19 09:15:20.910,6.93233,6.9336,2.78,2.03
2012.07.19 09:15:21.621,6.93234,6.93359,2.78,2.03
2012.07.19 09:15:21.870,6.93251,6.93374,2.78,1.13
2012.07.19 09:15:22.072,6.93251,6.93367,2.78,1.13
2012.07.19 09:15:22.486,6.93235,6.93362,2.78,2.78
2012.07.19 09:15:23.468,6.93235,6.93362,2.78,2.78
2012.07.19 09:15:24.118,6.93233,6.93358,2.78,2.03
2012.07.19 09:15:24.650,6.9325,6.93367,2.78,1.13
2012.07.19 09:15:24.869,6.9325,6.93367,2.78,1.13
2012.07.19 09:15:26.422,6.93234,6.93361,2.78,2.78
2012.07.19 09:15:26.597,6.93234,6.93359,2.78,2.03
2012.07.19 09:15:27.043,6.93252,6.93367,2.78,1.13
2012.07.19 09:15:27.106,6.93252,6.93367,2.78,1.13
2012.07.19 09:15:28.201,6.93238,6.93365,2.78,2.78
2012.07.19 09:15:29.282,6.93257,6.93354,2.03,1.13
2012.07.19 09:15:29.345,6.93225,6.93351,2.78,2.78
2012.07.19 09:15:34.403,6.93225,6.93345,2.78,1.13
2012.07.19 09:15:34.865,6.93225,6.93351,2.78,2.78
2012.07.19 09:15:34.927,6.93225,6.93351,2.78,2.78
2012.07.19 09:15:34.990,6.93225,6.93351,2.78,2.78
2012.07.19 09:15:35.170,6.93299,6.93396,2.03,1.22
2012.07.19 09:15:35.353,6.93299,6.93405,2.03,1.13
2012.07.19 09:15:36.842,6.93284,6.93405,2.78,1.13
2012.07.19 09:15:37.597,6.93284,6.93409,2.78,2.78
2012.07.19 09:15:41.488,6.93299,6.93416,2.78,1.13
2012.07.19 09:15:41.551,6.93299,6.93426,2.78,2.78
2012.07.19 09:15:41.615,6.93299,6.93426,2.78,2.78
2012.07.19 09:15:42.234,6.93318,6.93445,2.78,2.78
2012.07.19 09:15:42.746,6.93301,6.93425,2.78,2.03
2012.07.19 09:15:42.865,6.93305,6.9343,2.78,2.03
2012.07.19 09:15:44.708,6.93305,6.9343,2.78,2.03
2012.07.19 09:15:44.828,6.93311,6.93438,2.78,2.03
2012.07.19 09:15:45.267,6.9334,6.93456,2.78,1.13
2012.07.19 09:15:45.808,6.93326,6.93451,2.78,2.03
2012.07.19 09:15:46.320,6.93324,6.93451,2.78,2.78
2012.07.19 09:15:46.999,6.93324,6.93447,2.78,1.13
2012.07.19 09:15:47.709,6.93324,6.93446,2.78,1.13
2012.07.19 09:15:48.064,6.93324,6.93408,2.03,1.50
2012.07.19 09:15:48.420,6.93324,6.9339,2.03,1.13
2012.07.19 09:15:48.641,6.93309,6.9339,2.03,1.13
2012.07.19 09:15:48.993,6.93261,6.93386,2.78,2.03
2012.07.19 09:15:49.876,6.93276,6.93401,2.40,1.50
2012.07.19 09:15:51.119,6.93263,6.93387,2.78,2.03
2012.07.19 09:15:51.496,6.9328,6.93391,2.40,1.13
2012.07.19 09:15:51.558,6.93282,6.93391,2.03,1.13
2012.07.19 09:15:52.324,6.9328,6.93391,2.40,1.13
2012.07.19 09:15:52.388,6.93282,6.93397,2.03,1.50
2012.07.19 09:15:54.692,6.93282,6.93397,2.03,1.50
2012.07.19 09:15:55.990,6.93282,6.93386,2.03,1.13
2012.07.19 09:15:56.338,6.9325,6.93375,2.78,2.78
2012.07.19 09:15:56.790,6.9325,6.93372,2.03,1.50
2012.07.19 09:15:57.082,6.9323,6.93357,2.40,2.78
2012.07.19 09:15:57.318,6.93212,6.93337,2.78,2.03
2012.07.19 09:15:58.463,6.93212,6.93337,2.78,2.40
2012.07.19 09:16:02.104,6.93195,6.93321,2.78,2.03
2012.07.19 09:16:02.228,6.93213,6.93338,2.78,2.40
2012.07.19 09:16:11.013,6.93213,6.93338,2.78,2.03
2012.07.19 09:16:14.068,6.93233,6.93341,2.03,1.13
2012.07.19 09:16:14.162,6.93215,6.93341,2.78,1.13
2012.07.19 09:16:14.282,6.93235,6.93341,2.03,1.13
2012.07.19 09:16:14.402,6.93215,6.93341,2.78,1.13
2012.07.19 09:16:17.025,6.93181,6.93273,1.50,2.03
2012.07.19 09:16:17.265,6.93148,6.93273,2.78,2.78
2012.07.19 09:16:17.386,6.93148,6.93273,2.78,2.78
2012.07.19 09:16:17.451,6.93162,6.93289,2.78,3.15
2012.07.19 09:16:17.685,6.93179,6.93293,2.03,1.50
2012.07.19 09:16:17.862,6.93169,6.93296,2.78,2.78
2012.07.19 09:16:17.926,6.93187,6.93309,2.03,1.50
2012.07.19 09:16:18.277,6.93207,6.9332,2.78,2.78
2012.07.19 09:16:18.738,6.93216,6.93329,2.40,1.13
2012.07.19 09:16:23.185,6.93244,6.93349,2.03,1.13
2012.07.19 09:16:23.315,6.93244,6.93351,2.03,1.13
2012.07.19 09:16:23.909,6.93244,6.93351,2.03,1.50
2012.07.19 09:16:24.028,6.93223,6.9335,2.78,2.78
2012.07.19 09:16:24.149,6.93208,6.93333,2.78,2.03
2012.07.19 09:16:24.751,6.93208,6.9333,2.78,1.13
2012.07.19 09:16:25.064,6.9319,6.93315,2.78,2.03
2012.07.19 09:16:25.922,6.9319,6.93315,2.78,2.03
2012.07.19 09:16:26.374,6.9321,6.93321,2.40,1.13
2012.07.19 09:16:26.599,6.9321,6.93326,2.40,1.50
2012.07.19 09:16:26.714,6.9321,6.93321,2.40,1.13
2012.07.19 09:16:27.223,6.9321,6.93326,2.78,1.13
2012.07.19 09:16:28.620,6.9321,6.93318,2.03,1.50
2012.07.19 09:16:31.213,6.9321,6.93313,2.03,1.13
2012.07.19 09:16:31.343,6.93187,6.93312,2.78,2.78
2012.07.19 09:16:31.578,6.93203,6.93328,2.78,2.78
2012.07.19 09:16:31.924,6.93203,6.93328,2.78,2.03
2012.07.19 09:16:32.154,6.93253,6.93338,2.03,1.50
2012.07.19 09:16:32.274,6.93237,6.93338,2.03,1.50
2012.07.19 09:16:34.091,6.93237,6.93352,2.78,1.13
2012.07.19 09:16:34.212,6.93237,6.93364,2.78,2.78
2012.07.19 09:16:34.334,6.93276,6.93377,2.03,1.13
2012.07.19 09:16:34.647,6.93276,6.93377,2.03,1.13
2012.07.19 09:16:35.292,6.93276,6.93388,2.40,1.13
2012.07.19 09:16:35.355,6.93276,6.93388,2.40,1.13
2012.07.19 09:16:36.970,6.93276,6.93393,2.40,1.97
2012.07.19 09:16:37.034,6.93276,6.93393,2.78,1.22
2012.07.19 09:16:37.335,6.93309,6.93407,2.03,1.13
2012.07.19 09:16:37.748,6.93267,6.93392,2.78,2.40
2012.07.19 09:16:37.868,6.93285,6.93402,2.03,1.50
2012.07.19 09:16:38.333,6.93285,6.93385,2.03,1.50
2012.07.19 09:16:38.626,6.93237,6.93363,2.78,2.03
2012.07.19 09:16:38.806,6.93251,6.93375,2.78,1.50
2012.07.19 09:16:38.960,6.93268,6.93375,2.03,1.50
2012.07.19 09:16:39.332,6.93268,6.93378,2.40,1.13
2012.07.19 09:16:39.625,6.93299,6.93378,2.03,1.13
2012.07.19 09:16:39.689,6.93299,6.93399,2.03,1.50
2012.07.19 09:16:40.103,6.93313,6.93406,2.03,1.13
2012.07.19 09:16:40.728,6.93298,6.93406,2.03,1.13
2012.07.19 09:16:41.182,6.9328,6.93406,2.78,1.13
2012.07.19 09:16:41.303,6.9328,6.93396,2.03,1.50
2012.07.19 09:16:41.366,6.93261,6.93386,2.78,2.03
2012.07.19 09:16:41.519,6.93282,6.93396,2.03,1.50
2012.07.19 09:16:41.638,6.93266,6.93393,2.78,2.78
2012.07.19 09:16:41.701,6.93266,6.93387,2.78,1.13
2012.07.19 09:16:44.833,6.93287,6.93387,2.03,1.13
2012.07.19 09:16:44.952,6.93263,6.93387,2.78,1.13
2012.07.19 09:16:48.313,6.93255,6.93379,2.78,2.78
2012.07.19 09:16:50.341,6.93287,6.93404,2.40,1.50
2012.07.19 09:16:50.462,6.93311,6.93404,2.03,1.50
2012.07.19 09:16:50.713,6.93294,6.93404,2.03,1.50
2012.07.19 09:16:52.919,6.93294,6.93421,2.78,2.78
2012.07.19 09:16:53.266,6.93294,6.93421,2.78,2.78
2012.07.19 09:16:53.467,6.93294,6.93421,2.78,2.03
2012.07.19 09:16:53.902,6.93311,6.93426,2.78,1.13
2012.07.19 09:16:54.022,6.93291,6.93417,2.78,2.03
2012.07.19 09:16:54.892,6.93287,6.93402,2.03,1.50
2012.07.19 09:16:55.071,6.93264,6.93388,2.40,2.78
2012.07.19 09:16:55.468,6.93288,6.93404,2.78,1.13
2012.07.19 09:16:55.590,6.93288,6.93404,2.78,1.13
2012.07.19 09:16:55.654,6.93288,6.93413,2.78,2.78
2012.07.19 09:16:55.833,6.93288,6.93413,2.78,2.78
2012.07.19 09:16:56.136,6.93288,6.93413,2.78,2.78
2012.07.19 09:16:56.200,6.93288,6.93409,2.78,1.13
2012.07.19 09:16:56.714,6.93288,6.93412,2.78,1.13
2012.07.19 09:16:57.065,6.93288,6.93409,2.78,1.13
2012.07.19 09:16:57.398,6.93288,6.93403,2.78,1.13
2012.07.19 09:16:57.865,6.93288,6.93403,2.03,1.50
2012.07.19 09:16:57.929,6.93268,6.93391,2.03,1.50
2012.07.19 09:16:58.163,6.93268,6.93376,2.03,1.13
2012.07.19 09:16:58.349,6.93253,6.93376,2.78,1.13
2012.07.19 09:17:00.084,6.93253,6.93378,2.78,2.40
2012.07.19 09:17:00.945,6.93253,6.93376,2.78,1.13
2012.07.19 09:17:01.013,6.93287,6.93396,2.03,1.13
2012.07.19 09:17:01.184,6.93287,6.93401,2.03,1.50
2012.07.19 09:17:01.660,6.93271,6.93395,2.78,2.78
2012.07.19 09:17:01.780,6.93271,6.93395,2.78,2.03
2012.07.19 09:17:02.015,6.93284,6.93411,2.78,2.78
2012.07.19 09:17:02.192,6.93308,6.93413,2.03,1.13
2012.07.19 09:17:03.816,6.93308,6.93413,2.03,1.13
2012.07.19 09:17:04.050,6.93284,6.93396,2.40,1.13
2012.07.19 09:17:04.397,6.93246,6.93371,2.78,2.03
2012.07.19 09:17:04.939,6.93261,6.93381,2.78,1.13
2012.07.19 09:17:05.510,6.93261,6.93381,2.78,1.13
2012.07.19 09:17:05.945,6.93241,6.93368,2.78,2.40
2012.07.19 09:17:06.067,6.93241,6.93368,2.78,2.03
2012.07.19 09:17:06.517,6.93257,6.93383,2.78,2.03
2012.07.19 09:17:09.263,6.93257,6.93383,2.78,2.03
2012.07.19 09:17:09.611,6.93257,6.93383,2.78,2.78
2012.07.19 09:17:11.647,6.93257,6.93381,2.78,1.13
2012.07.19 09:17:17.887,6.93257,6.9338,2.78,1.50
2012.07.19 09:17:18.533,6.93257,6.93375,2.78,1.13
2012.07.19 09:17:18.711,6.93242,6.93367,2.78,2.78
2012.07.19 09:17:18.888,6.93242,6.93357,2.03,1.50
2012.07.19 09:17:19.236,6.93242,6.93324,2.03,1.50
2012.07.19 09:17:19.299,6.93242,6.93332,2.03,1.13
2012.07.19 09:17:19.424,6.93178,6.93303,2.78,2.03
2012.07.19 09:17:19.488,6.93192,6.93319,2.78,2.03
2012.07.19 09:17:21.450,6.93192,6.93319,2.78,2.03
2012.07.19 09:17:21.898,6.93192,6.93319,2.78,2.03
2012.07.19 09:17:23.931,6.93192,6.93319,2.78,2.03
2012.07.19 09:17:24.948,6.93172,6.93297,2.78,2.03
2012.07.19 09:17:26.793,6.93172,6.93297,2.78,2.03
2012.07.19 09:17:28.753,6.93172,6.93297,2.78,2.03
2012.07.19 09:17:35.262,6.93172,6.93297,2.78,2.78
2012.07.19 09:17:35.441,6.93167,6.93292,2.78,2.03
2012.07.19 09:17:38.496,6.93167,6.93292,2.78,2.03
2012.07.19 09:17:38.848,6.9318,6.93292,1.50,2.03
2012.07.19 09:17:38.912,6.93174,6.93292,1.50,2.03
2012.07.19 09:17:38.976,6.93233,6.93332,2.03,1.13
2012.07.19 09:17:39.099,6.93211,6.93332,2.78,1.13
2012.07.19 09:17:39.670,6.9319,6.93315,2.78,2.03
2012.07.19 09:17:43.431,6.9319,6.93315,2.78,2.03
2012.07.19 09:17:44.395,6.9319,6.93315,2.78,2.03
2012.07.19 09:17:45.078,6.9319,6.93315,2.78,2.03
2012.07.19 09:17:45.311,6.93212,6.93337,2.78,2.03
2012.07.19 09:17:46.307,6.93212,6.93337,2.78,2.03
2012.07.19 09:17:46.371,6.93228,6.93355,2.78,2.78
2012.07.19 09:17:46.493,6.93228,6.93355,2.78,2.03
2012.07.19 09:17:46.614,6.93251,6.93369,2.78,1.13
2012.07.19 09:17:47.365,6.93251,6.93368,2.40,1.50
2012.07.19 09:17:50.870,6.93236,6.93362,2.78,2.78
2012.07.19 09:17:50.992,6.93217,6.93342,2.78,2.03
2012.07.19 09:17:57.035,6.93217,6.93342,2.78,2.03
2012.07.19 09:17:57.650,6.93241,6.93366,2.78,4.80
2012.07.19 09:17:57.914,6.93241,6.93366,2.78,2.03
2012.07.19 09:17:57.978,6.93258,6.93382,2.78,2.78
2012.07.19 09:17:58.302,6.93258,6.93382,2.78,2.78
2012.07.19 09:17:58.613,6.9327,6.93382,2.78,2.78
2012.07.19 09:17:58.937,6.93294,6.93421,2.78,2.78
2012.07.19 09:17:59.116,6.93294,6.93421,2.78,2.78
2012.07.19 09:17:59.408,6.93294,6.93421,2.78,2.78
2012.07.19 09:17:59.644,6.9328,6.93396,2.78,2.03
2012.07.19 09:17:59.707,6.93304,6.93429,2.78,2.03
2012.07.19 09:18:00.312,6.93279,6.93406,2.78,2.03
2012.07.19 09:18:00.705,6.93279,6.93406,2.78,2.03
2012.07.19 09:18:06.331,6.93294,6.93421,2.78,2.03
2012.07.19 09:18:06.586,6.93294,6.93421,2.78,2.40
2012.07.19 09:18:06.649,6.9328,6.93405,2.78,2.03
2012.07.19 09:18:12.397,6.9328,6.93405,2.78,2.03
2012.07.19 09:18:13.129,6.9328,6.93405,2.78,2.03
2012.07.19 09:18:13.191,6.93302,6.93429,2.78,2.03
2012.07.19 09:18:14.047,6.93302,6.93429,2.78,2.03
2012.07.19 09:18:14.619,6.93302,6.93429,2.78,2.03
2012.07.19 09:18:15.140,6.93318,6.93445,2.78,2.03
2012.07.19 09:18:15.260,6.93358,6.93468,2.78,2.03
2012.07.19 09:18:15.422,6.93358,6.93476,2.78,1.13
2012.07.19 09:18:16.410,6.93343,6.93468,2.78,2.03
2012.07.19 09:18:19.037,6.93326,6.93451,2.78,2.03
2012.07.19 09:18:21.786,6.93326,6.93451,2.78,2.03
2012.07.19 09:18:22.532,6.93348,6.93475,2.78,2.03
2012.07.19 09:18:23.085,6.93348,6.93475,2.78,2.03
2012.07.19 09:18:23.666,6.93348,6.93475,2.78,2.78
2012.07.19 09:18:27.621,6.93333,6.9346,2.78,2.03
2012.07.19 09:18:27.740,6.93333,6.9346,2.03,2.78
2012.07.19 09:18:27.861,6.93316,6.93439,1.50,2.40
2012.07.19 09:18:27.986,6.93299,6.93416,1.50,2.03
2012.07.19 09:18:28.464,6.93273,6.93398,2.78,2.03
2012.07.19 09:18:32.756,6.93289,6.93414,2.78,2.03
2012.07.19 09:18:35.105,6.93289,6.93414,2.78,2.03
2012.07.19 09:18:44.040,6.93306,6.93431,2.78,2.03
2012.07.19 09:18:44.897,6.93306,6.93431,2.78,2.03
2012.07.19 09:18:47.578,6.93292,6.93416,1.50,2.03
2012.07.19 09:18:49.474,6.9329,6.93416,2.78,2.03
2012.07.19 09:18:51.922,6.9329,6.93416,2.03,2.78
2012.07.19 09:18:51.986,6.93272,6.93399,2.78,2.78
2012.07.19 09:18:52.277,6.93267,6.93382,2.58,2.03
2012.07.19 09:18:52.919,6.93267,6.93382,2.58,2.40
2012.07.19 09:18:53.928,6.93267,6.93332,2.58,2.78
2012.07.19 09:18:54.280,6.93238,6.9334,1.50,2.03
2012.07.19 09:18:54.343,6.93237,6.9334,1.50,2.78
2012.07.19 09:18:54.407,6.93252,6.93378,2.03,2.78
2012.07.19 09:18:54.760,6.93257,6.93331,1.50,2.03
2012.07.19 09:18:55.225,6.9325,6.93377,2.78,2.03
2012.07.19 09:18:55.743,6.9325,6.93377,2.78,2.40
2012.07.19 09:18:55.949,6.9324,6.93367,2.78,2.03
2012.07.19 09:18:57.356,6.93231,6.93349,1.50,2.03
2012.07.19 09:18:58.212,6.93238,6.93365,2.78,2.03
2012.07.19 09:18:58.447,6.93253,6.9338,2.78,2.03
2012.07.19 09:18:58.566,6.93243,6.93362,1.50,2.03
2012.07.19 09:18:58.929,6.93243,6.93362,1.50,2.03
2012.07.19 09:18:58.992,6.93243,6.93345,1.50,2.03
2012.07.19 09:19:02.365,6.9325,6.93345,1.50,2.03
2012.07.19 09:19:03.973,6.93259,6.93345,1.50,2.03
2012.07.19 09:19:04.714,6.93244,6.93345,1.50,2.03
2012.07.19 09:19:04.893,6.93231,6.93345,1.50,2.03
2012.07.19 09:19:05.013,6.93231,6.93334,1.50,2.03
2012.07.19 09:19:05.367,6.93217,6.93301,1.50,2.03
2012.07.19 09:19:05.486,6.93217,6.93301,1.50,2.03
2012.07.19 09:19:06.164,6.93221,6.93324,1.50,2.03
2012.07.19 09:19:06.228,6.93221,6.93332,1.50,2.03
2012.07.19 09:19:08.034,6.93221,6.93346,3.53,2.78
2012.07.19 09:19:08.659,6.93221,6.93346,2.78,2.78
2012.07.19 09:19:08.835,6.93206,6.93331,2.78,2.78
2012.07.19 09:19:09.830,6.93204,6.93314,1.50,2.03
2012.07.19 09:19:13.027,6.93205,6.93329,2.78,2.78
2012.07.19 09:19:13.186,6.93205,6.93329,2.78,2.03
2012.07.19 09:19:13.498,6.93193,6.93314,1.50,2.03
2012.07.19 09:19:14.108,6.93193,6.93296,1.50,2.03
2012.07.19 09:19:14.229,6.93183,6.93296,1.50,2.03
2012.07.19 09:19:14.464,6.93174,6.93291,1.50,2.03
2012.07.19 09:19:14.819,6.93174,6.93301,1.50,2.03
2012.07.19 09:19:16.074,6.93186,6.93316,2.78,2.40
2012.07.19 09:19:17.702,6.93186,6.93316,2.03,2.78
2012.07.19 09:19:17.765,6.9317,6.93305,2.03,2.78
2012.07.19 09:19:18.320,6.93137,6.93265,1.50,2.03
2012.07.19 09:19:18.631,6.93137,6.93251,1.50,2.03
2012.07.19 09:19:18.695,6.93137,6.93251,1.50,2.03
2012.07.19 09:19:18.817,6.93137,6.9326,1.50,2.03
2012.07.19 09:19:19.133,6.93144,6.93276,2.78,2.78
2012.07.19 09:19:19.682,6.93145,6.93276,1.50,2.03
2012.07.19 09:19:20.034,6.9316,6.9329,2.78,2.03
2012.07.19 09:19:20.155,6.93175,6.93305,2.78,3.15
2012.07.19 09:19:21.127,6.93175,6.93305,2.78,2.03
2012.07.19 09:19:22.838,6.93175,6.93305,2.78,2.03
2012.07.19 09:19:25.874,6.93175,6.93305,2.78,2.03
2012.07.19 09:19:26.473,6.9317,6.93288,1.50,2.03
2012.07.19 09:19:27.144,6.9317,6.93305,3.53,2.03
2012.07.19 09:19:27.208,6.9317,6.93305,2.78,2.78
2012.07.19 09:19:27.963,6.93149,6.93272,1.50,2.03
2012.07.19 09:19:31.792,6.93149,6.93272,1.50,2.03
2012.07.19 09:19:31.879,6.93149,6.93272,1.50,2.40
2012.07.19 09:19:33.245,6.93149,6.9325,1.50,2.03
2012.07.19 09:19:33.312,6.93134,6.93266,3.53,2.03
2012.07.19 09:19:34.613,6.93134,6.93266,2.78,2.78
2012.07.19 09:19:36.309,6.93149,6.93272,2.03,1.50
2012.07.19 09:19:36.485,6.93149,6.93272,2.78,1.13
2012.07.19 09:19:36.548,6.93168,6.93272,2.03,1.13
2012.07.19 09:19:36.671,6.93146,6.93278,2.78,2.78
2012.07.19 09:19:36.940,6.93146,6.93268,2.78,1.13
2012.07.19 09:19:39.068,6.93146,6.93262,2.78,1.13
2012.07.19 09:19:39.244,6.93146,6.93259,2.78,1.13
2012.07.19 09:19:39.935,6.93118,6.93245,2.78,2.03
2012.07.19 09:19:40.288,6.93133,6.93226,1.50,2.03
2012.07.19 09:19:40.378,6.93133,6.93243,1.50,2.03
2012.07.19 09:19:40.670,6.9312,6.93243,1.13,2.78
2012.07.19 09:19:40.734,6.9312,6.93223,1.13,2.03
2012.07.19 09:19:41.087,6.93103,6.93199,1.13,2.03
2012.07.19 09:19:41.324,6.93103,6.93199,1.13,2.03
2012.07.19 09:19:41.674,6.93103,6.93199,1.50,2.03
2012.07.19 09:19:43.505,6.93103,6.93213,1.50,2.03
2012.07.19 09:19:43.887,6.93116,6.93213,1.50,2.03
2012.07.19 09:19:44.233,6.93116,6.93213,1.50,2.03
2012.07.19 09:19:44.701,6.93128,6.9323,1.50,2.03
2012.07.19 09:19:44.766,6.93128,6.93246,1.50,2.03
2012.07.19 09:19:44.831,6.93137,6.93262,2.78,2.03
2012.07.19 09:19:45.400,6.93145,6.93246,1.50,2.03
2012.07.19 09:19:46.054,6.93145,6.93246,1.50,2.03
2012.07.19 09:19:48.167,6.93136,6.93229,1.50,2.03
2012.07.19 09:19:48.344,6.93136,6.93209,1.50,2.03
2012.07.19 09:19:49.549,6.93124,6.93209,1.50,2.03
2012.07.19 09:19:50.305,6.93124,6.93226,1.50,2.03
2012.07.19 09:19:51.789,6.93119,6.93244,2.78,2.03
2012.07.19 09:19:52.237,6.93115,6.93225,1.50,2.03
2012.07.19 09:19:53.684,6.931,6.93225,2.78,2.78
2012.07.19 09:19:53.807,6.931,6.93225,2.78,2.78
2012.07.19 09:19:54.043,6.931,6.93224,2.03,2.78
2012.07.19 09:19:54.167,6.93077,6.93199,1.50,2.40
2012.07.19 09:19:54.287,6.93077,6.93195,1.50,2.03
2012.07.19 09:19:54.640,6.93089,6.93195,1.13,2.03
2012.07.19 09:19:54.761,6.93121,6.93245,2.78,2.03
2012.07.19 09:19:54.880,6.93125,6.93252,2.78,2.87
2012.07.19 09:19:56.208,6.93132,6.93237,1.50,2.03
2012.07.19 09:19:56.967,6.93132,6.93237,1.50,2.03
2012.07.19 09:19:59.953,6.93142,6.93237,1.50,2.03
2012.07.19 09:20:01.412,6.93133,6.93253,1.50,2.03
2012.07.19 09:20:01.475,6.93133,6.93237,1.50,2.03
2012.07.19 09:20:01.652,6.93133,6.93237,1.50,2.03
2012.07.19 09:20:01.922,6.93133,6.93222,1.50,2.03
2012.07.19 09:20:03.158,6.93133,6.9324,1.50,2.03
2012.07.19 09:20:03.696,6.93133,6.9324,1.50,2.03
2012.07.19 09:20:04.350,6.93144,6.93271,2.40,2.78
2012.07.19 09:20:04.470,6.93128,6.93255,2.78,2.03
2012.07.19 09:20:08.295,6.93131,6.9324,1.50,2.03
2012.07.19 09:20:08.902,6.93123,6.93241,1.50,2.03
2012.07.19 09:20:09.399,6.93132,6.93259,2.78,2.40
2012.07.19 09:20:10.011,6.9315,6.93271,2.03,1.50
2012.07.19 09:20:10.299,6.93133,6.9326,2.78,2.40
2012.07.19 09:20:10.816,6.93123,6.93242,1.50,2.03
2012.07.19 09:20:11.813,6.93123,6.93242,1.50,2.03
2012.07.19 09:20:12.301,6.93118,6.93242,1.13,2.78
2012.07.19 09:20:12.365,6.93115,6.93223,1.13,2.03
2012.07.19 09:20:12.487,6.93097,6.93207,2.58,2.78
2012.07.19 09:20:12.549,6.93097,6.93207,1.83,2.78
2012.07.19 09:20:12.847,6.9309,6.93207,1.13,2.78
2012.07.19 09:20:13.144,6.93093,6.93207,1.50,2.03
2012.07.19 09:20:13.469,6.93103,6.93174,1.50,2.03
2012.07.19 09:20:13.534,6.93103,6.93228,3.53,2.03
2012.07.19 09:20:13.599,6.93117,6.93244,2.40,2.78
2012.07.19 09:20:13.719,6.93118,6.93244,1.50,2.03
2012.07.19 09:20:14.759,6.93134,6.93244,1.50,2.03
2012.07.19 09:20:16.859,6.93134,6.93244,1.50,2.03
2012.07.19 09:20:18.776,6.93134,6.93244,1.50,2.03
2012.07.19 09:20:19.995,6.93134,6.93244,1.13,2.03
2012.07.19 09:20:30.892,6.93123,6.93244,1.13,2.78
2012.07.19 09:20:31.307,6.93111,6.93213,1.50,2.03
2012.07.19 09:20:31.370,6.93111,6.93228,1.50,2.03
2012.07.19 09:20:31.939,6.93111,6.93228,1.50,2.03
2012.07.19 09:20:35.526,6.93111,6.93228,1.50,2.40
2012.07.19 09:20:35.647,6.93101,6.93228,2.78,2.78
2012.07.19 09:20:35.825,6.93098,6.93199,1.83,2.03
2012.07.19 09:20:36.002,6.93098,6.93199,2.58,2.03
2012.07.19 09:20:36.408,6.93098,6.93199,3.33,2.03
2012.07.19 09:20:36.813,6.93124,6.93227,1.50,2.03
2012.07.19 09:20:36.933,6.93124,6.93246,1.50,2.03
2012.07.19 09:20:37.167,6.9311,6.93226,1.50,2.03
2012.07.19 09:20:38.896,6.93099,6.93205,1.50,2.03
2012.07.19 09:20:39.073,6.93099,6.93206,1.50,2.03
2012.07.19 09:20:40.018,6.93099,6.93206,1.50,2.03
2012.07.19 09:20:40.082,6.93099,6.93208,1.50,2.03
2012.07.19 09:20:40.261,6.93099,6.93208,1.50,2.03
2012.07.19 09:20:40.325,6.93099,6.93223,3.53,2.03
2012.07.19 09:20:40.843,6.93116,6.9324,1.50,2.03
2012.07.19 09:20:41.888,6.93116,6.9324,1.50,2.03
2012.07.19 09:20:43.419,6.93125,6.9324,1.50,2.03
2012.07.19 09:20:43.720,6.93125,6.9324,1.50,2.03
2012.07.19 09:20:43.783,6.93136,6.9326,1.50,2.03
2012.07.19 09:20:46.953,6.93136,6.9326,1.50,2.03
2012.07.19 09:20:47.257,6.93149,6.93259,1.50,2.03
2012.07.19 09:20:47.490,6.93159,6.93273,1.50,2.03
2012.07.19 09:20:47.668,6.93159,6.93273,1.50,2.03
2012.07.19 09:20:48.849,6.93178,6.93294,1.50,2.03
2012.07.19 09:20:49.008,6.93178,6.93294,1.50,2.03
2012.07.19 09:20:51.290,6.93169,6.93294,2.78,2.40
2012.07.19 09:20:51.354,6.93167,6.93279,1.50,2.03
2012.07.19 09:20:51.419,6.93167,6.93279,1.13,2.40
2012.07.19 09:20:52.666,6.93156,6.93261,1.50,2.03
2012.07.19 09:20:53.497,6.93145,6.93261,1.50,2.03
2012.07.19 09:20:59.055,6.93145,6.9326,1.50,2.03
2012.07.19 09:20:59.118,6.93144,6.93237,1.13,2.03
2012.07.19 09:20:59.468,6.93111,6.93237,2.78,2.78
2012.07.19 09:20:59.705,6.93099,6.93194,1.50,2.03
2012.07.19 09:21:00.014,6.93107,6.93194,1.13,2.03
2012.07.19 09:21:00.256,6.93107,6.9321,1.13,2.03
2012.07.19 09:21:00.490,6.9311,6.9321,1.50,2.03
2012.07.19 09:21:01.129,6.9311,6.9321,1.50,2.03
2012.07.19 09:21:01.193,6.9311,6.93228,1.50,2.03
2012.07.19 09:21:01.543,6.93137,6.93252,1.50,2.03
2012.07.19 09:21:03.751,6.93137,6.93252,1.50,2.78
2012.07.19 09:21:03.866,6.93137,6.93252,1.50,2.03
2012.07.19 09:21:06.256,6.93129,6.93233,1.50,2.03
2012.07.19 09:21:08.107,6.93129,6.93233,1.50,2.03
2012.07.19 09:21:11.993,6.93129,6.93233,1.50,2.03
2012.07.19 09:21:16.684,6.93118,6.93233,1.13,2.78
2012.07.19 09:21:16.803,6.93116,6.93233,1.13,2.78
2012.07.19 09:21:16.924,6.93116,6.93218,1.13,2.03
2012.07.19 09:21:17.270,6.93116,6.93218,1.50,2.03
2012.07.19 09:21:18.264,6.93124,6.93241,1.50,2.03
2012.07.19 09:21:18.865,6.93124,6.93241,1.50,2.03
2012.07.19 09:21:23.477,6.93142,6.93241,1.50,2.03
2012.07.19 09:21:26.833,6.93133,6.93221,1.50,2.03
2012.07.19 09:21:27.207,6.93133,6.93221,1.50,2.03
2012.07.19 09:21:30.756,6.93133,6.93221,1.50,2.03
2012.07.19 09:21:31.986,6.93133,6.93245,1.50,2.03
2012.07.19 09:21:32.967,6.93138,6.93245,1.50,2.03
2012.07.19 09:21:33.287,6.93138,6.93226,1.50,2.03
2012.07.19 09:21:34.012,6.93138,6.93226,1.50,2.03
2012.07.19 09:21:35.413,6.93145,6.93249,1.50,2.03
2012.07.19 09:21:37.029,6.93138,6.93249,1.50,2.03
2012.07.19 09:21:37.968,6.93138,6.93249,1.50,2.03
2012.07.19 09:21:38.146,6.93138,6.93234,1.50,2.03
2012.07.19 09:21:38.649,6.93138,6.93234,1.50,2.03
2012.07.19 09:21:38.826,6.93153,6.93258,2.78,2.03
2012.07.19 09:21:39.238,6.9316,6.9328,1.50,2.03
2012.07.19 09:21:40.717,6.9316,6.9328,1.50,2.03
2012.07.19 09:21:41.065,6.93189,6.93263,1.13,2.03
2012.07.19 09:21:41.184,6.93189,6.93279,1.13,2.03
2012.07.19 09:21:43.184,6.93181,6.93279,1.13,2.03
2012.07.19 09:21:43.477,6.93176,6.93302,2.78,2.78
2012.07.19 09:21:43.597,6.93173,6.93271,1.50,2.03
2012.07.19 09:21:43.891,6.9314,6.93251,1.50,2.03
2012.07.19 09:21:43.954,6.93166,6.93251,1.50,2.03
2012.07.19 09:21:44.076,6.93166,6.93267,1.50,2.03
2012.07.19 09:21:44.367,6.93166,6.93291,1.50,2.40
2012.07.19 09:21:45.225,6.9314,6.93251,1.50,2.03
2012.07.19 09:21:45.289,6.93132,6.93251,1.50,2.03
2012.07.19 09:21:45.417,6.93124,6.93251,2.78,2.03
2012.07.19 09:21:45.480,6.93114,6.93234,1.50,2.03
2012.07.19 09:21:45.898,6.9313,6.93257,2.78,2.40
2012.07.19 09:21:46.224,6.93152,6.93257,1.50,2.03
2012.07.19 09:21:46.402,6.93152,6.93259,1.50,2.03
2012.07.19 09:21:46.501,6.93153,6.9328,2.78,2.40
2012.07.19 09:21:47.949,6.93153,6.93278,2.78,2.03
2012.07.19 09:21:48.070,6.93153,6.93261,2.78,2.03
2012.07.19 09:21:48.419,6.93138,6.93237,1.50,2.03
2012.07.19 09:21:49.159,6.93126,6.93237,1.50,2.03
2012.07.19 09:21:49.225,6.93126,6.93219,1.50,2.03
2012.07.19 09:21:50.051,6.93115,6.93219,1.50,2.03
2012.07.19 09:21:50.804,6.93131,6.93219,1.13,2.03
2012.07.19 09:21:51.049,6.93121,6.93232,1.50,2.03
2012.07.19 09:21:52.903,6.93121,6.93232,1.50,2.03
2012.07.19 09:21:54.100,6.9313,6.93232,1.50,2.03
2012.07.19 09:21:54.647,6.93142,6.93269,3.53,2.03
2012.07.19 09:22:02.511,6.93142,6.9324,1.50,2.03
2012.07.19 09:22:02.574,6.93142,6.9324,1.50,2.03
2012.07.19 09:22:04.164,6.93141,6.93264,1.50,2.03
2012.07.19 09:22:04.500,6.93141,6.93249,1.50,2.03
2012.07.19 09:22:04.682,6.93141,6.93268,3.53,2.40
2012.07.19 09:22:05.650,6.93154,6.93268,1.50,2.03
2012.07.19 09:22:05.716,6.93163,6.93288,2.40,2.78
2012.07.19 09:22:05.898,6.93163,6.93288,2.78,2.03
2012.07.19 09:22:06.252,6.93204,6.9331,1.50,2.03
2012.07.19 09:22:06.750,6.93204,6.93338,1.50,2.78
2012.07.19 09:22:07.352,6.93204,6.93338,1.50,2.78
2012.07.19 09:22:09.956,6.93204,6.93322,1.50,2.03
2012.07.19 09:22:10.076,6.93194,6.93322,1.50,2.40
2012.07.19 09:22:16.191,6.93215,6.93322,1.50,2.03
2012.07.19 09:22:16.312,6.93221,6.93348,2.78,2.40
2012.07.19 09:22:19.065,6.93243,6.93368,2.03,2.78
2012.07.19 09:22:19.244,6.93222,6.93348,2.78,2.40
2012.07.19 09:22:19.933,6.93222,6.93346,2.78,1.13
2012.07.19 09:22:20.055,6.93194,6.93321,2.03,2.03
2012.07.19 09:22:20.291,6.93194,6.93303,2.03,1.50
2012.07.19 09:22:20.761,6.93158,6.93247,1.50,2.03
2012.07.19 09:22:20.944,6.93158,6.93249,1.50,2.03
2012.07.19 09:22:21.124,6.93168,6.93267,1.50,2.03
2012.07.19 09:22:21.287,6.93168,6.93284,1.50,2.03
2012.07.19 09:22:21.407,6.93168,6.93284,1.50,2.03
2012.07.19 09:22:25.991,6.93182,6.93284,1.13,2.03
2012.07.19 09:22:26.113,6.93182,6.93268,1.13,2.03
2012.07.19 09:22:26.792,6.93163,6.93268,1.50,2.03
2012.07.19 09:22:27.457,6.93163,6.93268,1.50,2.03
2012.07.19 09:22:28.025,6.93172,6.93286,1.50,2.03
2012.07.19 09:22:28.486,6.93227,6.93286,1.50,2.03
2012.07.19 09:22:28.607,6.93208,6.93333,2.78,2.78
2012.07.19 09:22:28.727,6.93198,6.93304,1.13,2.03
2012.07.19 09:22:28.848,6.93198,6.93304,1.13,2.03
2012.07.19 09:22:28.910,6.93177,6.93304,2.78,2.03
2012.07.19 09:22:29.653,6.93192,6.93319,2.78,2.78
2012.07.19 09:22:30.929,6.93192,6.93319,2.78,2.78
2012.07.19 09:22:32.706,6.93192,6.93319,2.03,2.78
2012.07.19 09:22:33.058,6.93158,6.93259,1.50,2.03
2012.07.19 09:22:34.412,6.93155,6.93259,1.50,2.03
2012.07.19 09:22:34.475,6.93156,6.93281,2.78,2.03
2012.07.19 09:22:34.538,6.93156,6.93281,2.78,2.03
2012.07.19 09:22:34.898,6.93174,6.93299,2.78,2.03
2012.07.19 09:22:35.572,6.9318,6.933,1.50,2.03
2012.07.19 09:22:37.369,6.93175,6.933,2.78,2.78
2012.07.19 09:22:37.949,6.9316,6.9328,1.50,2.03
2012.07.19 09:22:38.299,6.9317,6.93297,2.78,2.78
2012.07.19 09:22:42.387,6.9317,6.93297,2.78,2.78
2012.07.19 09:22:44.510,6.9317,6.93297,3.53,2.78
2012.07.19 09:22:44.682,6.9317,6.93297,3.53,2.03
2012.07.19 09:22:44.745,6.93186,6.93313,2.78,2.78
2012.07.19 09:22:49.921,6.93186,6.93313,2.78,2.40
2012.07.19 09:22:50.818,6.93204,6.93313,1.50,2.03
2012.07.19 09:22:50.938,6.9323,6.93354,2.03,2.78
2012.07.19 09:22:51.003,6.93209,6.93334,2.78,2.40
2012.07.19 09:22:51.249,6.93209,6.93334,2.40,2.78
2012.07.19 09:22:54.417,6.93209,6.93334,2.03,2.78
2012.07.19 09:22:54.593,6.93195,6.93319,2.78,2.78
2012.07.19 09:22:54.953,6.93212,6.93339,2.03,2.78
2012.07.19 09:22:57.335,6.93212,6.93339,2.40,2.78
2012.07.19 09:22:57.399,6.93212,6.93339,2.78,2.03
2012.07.19 09:22:57.713,6.93236,6.93363,2.03,2.78
2012.07.19 09:22:57.833,6.93236,6.93363,2.78,2.78
2012.07.19 09:22:58.471,6.93236,6.93363,2.78,2.03
2012.07.19 09:22:58.535,6.93236,6.93363,2.78,2.78
2012.07.19 09:22:58.940,6.93236,6.93363,2.03,2.78
2012.07.19 09:22:59.173,6.9322,6.93343,1.50,2.78
2012.07.19 09:22:59.294,6.93207,6.93325,2.58,2.78
2012.07.19 09:22:59.851,6.93207,6.93325,1.83,2.78
2012.07.19 09:23:00.244,6.93196,6.9332,1.50,2.03
2012.07.19 09:23:01.334,6.93211,6.93336,2.78,2.03
2012.07.19 09:23:01.865,6.93211,6.93336,2.78,2.40
2012.07.19 09:23:02.099,6.93227,6.93354,2.03,2.78
2012.07.19 09:23:02.220,6.93209,6.93336,3.15,2.78
2012.07.19 09:23:04.890,6.93198,6.93318,1.50,2.03
2012.07.19 09:23:05.519,6.93198,6.93318,1.50,2.78
2012.07.19 09:23:06.404,6.93185,6.93301,1.50,2.03
2012.07.19 09:23:06.672,6.93185,6.93301,1.50,2.03
2012.07.19 09:23:10.165,6.93183,6.93301,1.50,2.03
2012.07.19 09:23:15.904,6.93183,6.93301,1.50,2.40
2012.07.19 09:23:18.032,6.93198,6.93325,2.03,2.78
2012.07.19 09:23:18.315,6.93198,6.93325,2.78,2.78
2012.07.19 09:23:18.492,6.93209,6.93336,2.03,2.78
2012.07.19 09:23:18.897,6.93209,6.93336,2.03,2.78
2012.07.19 09:23:19.495,6.93179,6.93297,1.50,2.40
2012.07.19 09:23:20.454,6.93179,6.9328,1.50,2.03
2012.07.19 09:23:24.068,6.93179,6.93297,1.50,2.40
2012.07.19 09:23:28.904,6.93151,6.93278,2.78,2.78
2012.07.19 09:23:29.082,6.93151,6.93278,2.03,2.78
2012.07.19 09:23:29.146,6.93123,6.93239,1.50,2.03
2012.07.19 09:23:29.566,6.93123,6.93217,1.50,2.03
2012.07.19 09:23:30.043,6.93123,6.93233,1.50,2.03
2012.07.19 09:23:30.246,6.93123,6.93218,1.50,2.03
2012.07.19 09:23:31.966,6.93123,6.93235,1.50,2.03
2012.07.19 09:23:32.703,6.93133,6.93235,1.50,2.03
2012.07.19 09:23:32.770,6.93133,6.93256,1.50,2.03
2012.07.19 09:23:33.190,6.93166,6.93293,2.78,2.78
2012.07.19 09:23:33.310,6.93156,6.93278,1.50,2.03
2012.07.19 09:23:33.971,6.93156,6.93278,1.50,2.03
2012.07.19 09:23:37.967,6.93156,6.93278,1.13,2.78
2012.07.19 09:23:38.030,6.93156,6.93262,1.13,2.03
2012.07.19 09:23:38.263,6.93141,6.93262,1.13,2.78
2012.07.19 09:23:39.049,6.93141,6.93247,1.13,2.03
2012.07.19 09:23:39.581,6.93141,6.93248,1.13,2.03
2012.07.19 09:23:41.323,6.93141,6.93248,1.50,2.03
2012.07.19 09:23:41.524,6.93141,6.93264,1.50,2.78
2012.07.19 09:23:42.469,6.93137,6.93264,2.78,2.40
2012.07.19 09:23:42.532,6.93127,6.93248,1.83,2.03
2012.07.19 09:23:42.652,6.93122,6.93248,2.78,2.03
2012.07.19 09:23:45.426,6.93122,6.93248,2.03,2.03
2012.07.19 09:23:45.489,6.93104,6.93229,2.03,2.03
2012.07.19 09:23:45.916,6.93086,6.93211,2.78,2.03
2012.07.19 09:23:48.143,6.93107,6.93232,2.03,2.03
2012.07.19 09:23:49.405,6.93104,6.93231,2.03,2.03
2012.07.19 09:23:50.172,6.93104,6.93231,2.78,2.03
2012.07.19 09:23:50.490,6.93104,6.93231,2.78,2.03
2012.07.19 09:23:50.553,6.93124,6.93251,2.03,2.03
2012.07.19 09:23:50.986,6.93101,6.93228,2.78,2.03
2012.07.19 09:23:51.239,6.93148,6.93272,2.03,2.03
2012.07.19 09:23:51.360,6.93148,6.93272,2.78,2.03
2012.07.19 09:23:51.582,6.93148,6.93272,2.78,2.03
2012.07.19 09:23:51.645,6.93132,6.93256,1.13,2.03
2012.07.19 09:23:52.002,6.93121,6.93236,1.50,2.03
2012.07.19 09:23:52.066,6.93127,6.93251,2.78,2.03
2012.07.19 09:23:53.519,6.93127,6.93251,2.78,2.03
2012.07.19 09:23:54.551,6.93127,6.93251,2.78,2.03
2012.07.19 09:23:57.982,6.93127,6.93251,2.03,2.03
2012.07.19 09:23:58.044,6.93127,6.93251,2.03,2.78
2012.07.19 09:23:58.107,6.93124,6.93251,2.03,2.78
2012.07.19 09:24:04.243,6.93095,6.93217,1.50,2.40
2012.07.19 09:24:04.368,6.93095,6.93217,1.50,2.03
2012.07.19 09:24:04.855,6.93109,6.93236,2.78,2.78
2012.07.19 09:24:06.413,6.93103,6.93218,1.50,2.03
2012.07.19 09:24:06.628,6.93113,6.93238,2.78,2.78
2012.07.19 09:24:07.741,6.93113,6.93238,2.78,2.03
2012.07.19 09:24:12.226,6.93103,6.93218,1.50,2.03
2012.07.19 09:24:12.344,6.93113,6.93238,2.78,2.03
2012.07.19 09:24:12.544,6.93103,6.93216,1.50,2.03
2012.07.19 09:24:12.663,6.93111,6.93238,2.78,2.03
2012.07.19 09:24:12.890,6.93103,6.93216,1.50,2.03
2012.07.19 09:24:12.953,6.93103,6.93216,1.50,2.03
2012.07.19 09:24:13.016,6.93111,6.93238,2.78,2.78
2012.07.19 09:24:13.135,6.93103,6.93216,1.50,2.03
2012.07.19 09:24:13.254,6.9311,6.93237,2.78,2.78
2012.07.19 09:24:13.425,6.93103,6.93217,1.50,2.03
2012.07.19 09:24:13.544,6.9311,6.93237,2.78,2.78
2012.07.19 09:24:13.764,6.93103,6.93217,1.50,2.03
2012.07.19 09:24:13.882,6.93111,6.93236,2.78,2.40
2012.07.19 09:24:14.122,6.93103,6.93216,1.50,2.03
2012.07.19 09:24:14.290,6.93111,6.93236,2.78,2.40
2012.07.19 09:24:14.353,6.93103,6.93216,1.50,2.03
2012.07.19 09:24:14.509,6.9311,6.93237,2.78,2.78
2012.07.19 09:24:14.749,6.93103,6.93216,1.50,2.03
2012.07.19 09:24:14.811,6.93111,6.93236,2.78,2.40
2012.07.19 09:24:14.973,6.93103,6.93217,1.50,2.03
2012.07.19 09:24:15.091,6.9311,6.93237,2.78,2.78
2012.07.19 09:24:15.304,6.93103,6.93215,1.50,2.03
2012.07.19 09:24:15.422,6.9311,6.93237,2.78,2.78
2012.07.19 09:24:15.832,6.93103,6.93217,1.50,2.03
2012.07.19 09:24:15.952,6.9311,6.93237,2.78,2.78
2012.07.19 09:24:16.506,6.93123,6.9325,2.03,2.78
2012.07.19 09:24:17.042,6.93103,6.93228,3.53,2.03
2012.07.19 09:24:17.163,6.93122,6.93249,2.40,2.78
2012.07.19 09:24:17.339,6.93122,6.93249,2.78,2.03
2012.07.19 09:24:18.123,6.93148,6.93273,2.03,2.78
2012.07.19 09:24:18.301,6.93145,6.93264,1.13,2.78
2012.07.19 09:24:19.347,6.93145,6.93242,1.13,2.03
2012.07.19 09:24:19.466,6.93145,6.93262,1.13,2.78
2012.07.19 09:24:20.116,6.93153,6.93278,2.03,2.78
2012.07.19 09:24:20.682,6.93145,6.93259,1.13,2.40
2012.07.19 09:24:21.120,6.93152,6.93277,2.78,2.78
2012.07.19 09:24:21.241,6.93155,6.93277,1.50,2.03
2012.07.19 09:24:21.475,6.93176,6.93301,2.40,2.78
