2012.07.20 09:00:02.089,6.93137,6.93257,2.03,1.50
2012.07.20 09:00:02.152,6.93137,6.93262,2.03,2.78
2012.07.20 09:00:02.216,6.93159,6.93276,2.03,1.50
2012.07.20 09:00:02.392,6.93159,6.93284,2.03,2.78
2012.07.20 09:00:02.624,6.93159,6.93284,2.03,2.78
2012.07.20 09:00:02.862,6.93113,6.9324,2.03,2.78
2012.07.20 09:00:03.354,6.93113,6.9324,2.03,2.78
2012.07.20 09:00:08.772,6.93113,6.9324,2.03,2.78
2012.07.20 09:00:09.115,6.93133,6.93258,2.03,2.78
2012.07.20 09:00:09.351,6.93133,6.93258,2.03,2.78
2012.07.20 09:00:09.414,6.93115,6.93242,2.03,2.78
2012.07.20 09:00:09.782,6.93115,6.93242,2.03,2.78
2012.07.20 09:00:10.512,6.93115,6.93242,2.03,2.78
2012.07.20 09:00:10.619,6.93115,6.93242,2.03,2.78
2012.07.20 09:00:11.346,6.93107,6.93222,1.83,2.03
2012.07.20 09:00:11.528,6.93107,6.93222,1.83,2.78
2012.07.20 09:00:12.760,6.93107,6.93222,1.83,2.03
2012.07.20 09:00:13.498,6.93112,6.93239,2.03,2.78
2012.07.20 09:00:14.258,6.93107,6.93224,1.83,2.03
2012.07.20 09:00:14.918,6.93114,6.93239,2.03,2.78
2012.07.20 09:00:17.131,6.93137,6.93262,2.03,2.78
2012.07.20 09:00:17.701,6.93128,6.93255,2.03,2.78
2012.07.20 09:00:17.859,6.93115,6.93242,2.03,2.78
2012.07.20 09:00:18.314,6.93115,6.93242,2.03,2.03
2012.07.20 09:00:18.376,6.93115,6.93242,2.03,2.78
2012.07.20 09:00:19.587,6.93107,6.93191,1.83,2.03
2012.07.20 09:00:19.880,6.93107,6.93194,1.83,2.03
2012.07.20 09:00:19.999,6.93107,6.93216,1.83,2.78
2012.07.20 09:00:23.128,6.93107,6.93175,1.83,2.03
2012.07.20 09:00:23.785,6.93107,6.93203,1.83,2.78
2012.07.20 09:00:24.744,6.93107,6.93186,1.83,2.03
2012.07.20 09:00:25.254,6.93107,6.93186,1.83,2.78
2012.07.20 09:00:26.755,6.93107,6.93186,1.83,2.03
2012.07.20 09:00:27.623,6.93107,6.93186,1.83,2.78
2012.07.20 09:00:28.719,6.93107,6.93186,1.83,2.03
2012.07.20 09:00:29.651,6.93107,6.93186,1.83,2.78
2012.07.20 09:00:31.037,6.93107,6.93186,1.83,2.03
2012.07.20 09:00:31.980,6.93107,6.93206,1.83,2.78
2012.07.20 09:00:32.042,6.93107,6.93206,1.83,2.78
2012.07.20 09:00:33.378,6.93107,6.93206,1.83,2.78
2012.07.20 09:00:33.614,6.93107,6.9319,1.83,2.03
2012.07.20 09:00:33.906,6.93038,6.93147,1.13,2.03
2012.07.20 09:00:33.969,6.93037,6.93147,1.13,2.03
2012.07.20 09:00:35.634,6.93078,6.93205,2.40,2.03
2012.07.20 09:00:36.202,6.93078,6.93205,2.40,2.78
2012.07.20 09:00:36.551,6.93109,6.93236,2.03,2.78
2012.07.20 09:00:36.617,6.93136,6.93261,2.03,2.78
2012.07.20 09:00:36.851,6.93136,6.93261,2.03,2.78
2012.07.20 09:00:37.259,6.93136,6.93261,2.03,2.78
2012.07.20 09:00:37.380,6.93159,6.93284,2.03,2.78
2012.07.20 09:00:37.722,6.93159,6.93284,2.03,2.78
2012.07.20 09:00:37.844,6.93175,6.933,2.03,2.78
2012.07.20 09:00:38.780,6.93159,6.93286,2.03,2.78
2012.07.20 09:00:39.759,6.93138,6.93263,2.03,2.03
2012.07.20 09:00:40.049,6.93138,6.93263,2.03,2.78
2012.07.20 09:00:41.779,6.93138,6.93263,2.03,2.78
2012.07.20 09:00:41.841,6.93153,6.93278,2.03,2.78
2012.07.20 09:00:42.190,6.93169,6.93296,2.03,2.78
2012.07.20 09:00:42.507,6.93174,6.93293,2.03,1.50
2012.07.20 09:00:55.322,6.93171,6.93278,1.50,2.03
2012.07.20 09:00:55.414,6.93223,6.9335,2.40,2.78
2012.07.20 09:00:55.492,6.9322,6.93343,1.13,2.78
2012.07.20 09:00:55.559,6.93249,6.93374,2.03,1.50
2012.07.20 09:00:59.487,6.93267,6.93374,2.03,1.50
2012.07.20 09:00:59.550,6.93267,6.93377,2.03,1.50
2012.07.20 09:00:59.908,6.93267,6.93392,2.03,2.78
2012.07.20 09:01:00.981,6.93261,6.93388,2.03,2.78
2012.07.20 09:01:01.102,6.93261,6.93388,2.03,2.78
2012.07.20 09:01:01.299,6.9328,6.93405,2.03,2.78
2012.07.20 09:01:04.220,6.93255,6.9338,2.03,2.03
2012.07.20 09:01:05.478,6.93271,6.93396,2.03,2.78
2012.07.20 09:01:07.053,6.93271,6.93396,2.03,2.78
2012.07.20 09:01:07.353,6.93255,6.93382,2.03,2.78
2012.07.20 09:01:07.814,6.93232,6.93357,2.78,2.03
2012.07.20 09:01:07.880,6.9323,6.93325,3.53,2.03
2012.07.20 09:01:08.230,6.93184,6.93302,1.50,2.03
2012.07.20 09:01:08.386,6.93176,6.93302,1.13,2.03
2012.07.20 09:01:08.840,6.93191,6.93318,2.03,2.78
2012.07.20 09:01:09.379,6.93191,6.93318,2.03,2.03
2012.07.20 09:01:09.771,6.93207,6.93332,2.03,2.78
2012.07.20 09:01:12.362,6.93224,6.93349,2.40,2.78
2012.07.20 09:01:12.712,6.9324,6.93367,2.03,2.78
2012.07.20 09:01:12.948,6.93241,6.93366,2.03,2.78
2012.07.20 09:01:13.128,6.93228,6.93353,2.03,2.78
2012.07.20 09:01:13.873,6.93228,6.93353,2.03,2.78
2012.07.20 09:01:13.937,6.93209,6.93336,2.03,2.78
2012.07.20 09:01:14.673,6.93209,6.93336,2.03,2.78
2012.07.20 09:01:15.091,6.93209,6.93336,2.78,2.78
2012.07.20 09:01:15.154,6.93209,6.93336,2.78,2.78
2012.07.20 09:01:15.216,6.93228,6.93355,2.03,2.78
2012.07.20 09:01:15.607,6.93253,6.9338,2.03,2.78
2012.07.20 09:01:17.499,6.93239,6.93364,2.03,2.78
2012.07.20 09:01:23.482,6.93215,6.93323,2.03,2.03
2012.07.20 09:01:23.546,6.93196,6.93323,2.78,2.03
2012.07.20 09:01:23.722,6.9318,6.93301,1.13,2.03
2012.07.20 09:01:23.784,6.9318,6.93301,1.13,2.03
2012.07.20 09:01:25.006,6.93199,6.93324,2.03,2.78
2012.07.20 09:01:25.352,6.93216,6.93343,2.03,2.78
2012.07.20 09:01:28.806,6.93216,6.93343,2.78,2.78
2012.07.20 09:01:29.155,6.93241,6.93368,2.03,2.78
2012.07.20 09:01:29.599,6.93279,6.93406,2.03,2.78
2012.07.20 09:01:29.746,6.93279,6.93406,2.03,2.78
2012.07.20 09:01:29.987,6.93261,6.93386,2.03,2.78
2012.07.20 09:01:30.290,6.93261,6.93386,2.03,2.78
2012.07.20 09:01:30.637,6.9326,6.93384,2.03,1.50
2012.07.20 09:01:30.928,6.9323,6.93355,2.03,2.78
2012.07.20 09:01:31.049,6.9323,6.93355,2.03,2.78
2012.07.20 09:01:31.112,6.93244,6.93371,2.03,2.78
2012.07.20 09:01:31.288,6.93244,6.93371,2.03,2.78
2012.07.20 09:01:39.152,6.93244,6.93356,2.03,1.50
2012.07.20 09:01:39.329,6.93232,6.93356,2.03,1.50
2012.07.20 09:01:39.393,6.93232,6.93356,2.03,1.50
2012.07.20 09:01:39.627,6.93232,6.93356,2.03,1.50
2012.07.20 09:01:39.690,6.93212,6.93311,1.13,2.03
2012.07.20 09:01:40.420,6.932,6.93325,2.78,2.78
2012.07.20 09:01:43.459,6.932,6.93325,2.78,2.78
2012.07.20 09:01:44.853,6.932,6.93321,2.78,1.13
2012.07.20 09:01:48.933,6.932,6.93325,2.78,2.78
2012.07.20 09:01:53.296,6.93217,6.93343,2.78,1.13
2012.07.20 09:02:01.458,6.93195,6.93336,2.78,1.13
2012.07.20 09:02:01.691,6.9321,6.93356,2.78,1.13
2012.07.20 09:02:02.405,6.9322,6.93356,2.78,1.13
2012.07.20 09:02:02.639,6.9322,6.93354,2.40,1.50
2012.07.20 09:02:02.876,6.93216,6.93331,1.50,1.13
2012.07.20 09:02:05.261,6.93207,6.93347,2.78,1.13
2012.07.20 09:02:05.916,6.93236,6.93347,2.40,1.13
2012.07.20 09:02:05.981,6.93236,6.93361,2.78,2.78
2012.07.20 09:02:06.538,6.93253,6.93362,2.03,1.13
2012.07.20 09:02:07.153,6.93253,6.93339,2.03,1.13
2012.07.20 09:02:07.226,6.93216,6.93337,2.78,1.13
2012.07.20 09:02:14.319,6.93216,6.93343,2.78,2.78
2012.07.20 09:02:14.439,6.93218,6.93343,1.50,2.78
2012.07.20 09:02:14.559,6.93235,6.93343,2.78,2.03
2012.07.20 09:02:14.622,6.93248,6.93364,2.78,1.13
2012.07.20 09:02:14.743,6.93259,6.93364,2.03,1.13
2012.07.20 09:02:14.888,6.93259,6.93364,2.03,1.13
2012.07.20 09:02:17.337,6.93293,6.93362,2.03,1.13
2012.07.20 09:02:17.401,6.93293,6.93382,2.03,1.50
2012.07.20 09:02:18.323,6.93271,6.93373,2.03,1.50
2012.07.20 09:02:22.317,6.93271,6.93372,2.03,1.13
2012.07.20 09:02:23.529,6.93271,6.93368,2.03,1.13
2012.07.20 09:02:25.860,6.93271,6.93378,2.03,1.13
2012.07.20 09:02:26.038,6.9325,6.93377,2.40,2.03
2012.07.20 09:02:26.158,6.93266,6.93378,2.03,1.13
2012.07.20 09:02:29.484,6.93266,6.93386,2.03,1.13
2012.07.20 09:02:29.547,6.93266,6.93386,2.78,1.13
2012.07.20 09:02:29.665,6.93266,6.93386,2.78,1.13
2012.07.20 09:02:29.786,6.93281,6.93386,2.78,1.13
2012.07.20 09:02:29.849,6.93281,6.93393,2.78,1.50
2012.07.20 09:02:33.259,6.93281,6.93393,2.78,1.50
2012.07.20 09:02:33.621,6.93281,6.93394,2.78,1.13
2012.07.20 09:02:36.259,6.93275,6.93391,1.13,2.03
2012.07.20 09:02:36.616,6.9328,6.93401,2.78,1.13
2012.07.20 09:02:36.678,6.9328,6.93401,2.03,1.13
2012.07.20 09:02:37.019,6.9328,6.93405,2.78,2.78
2012.07.20 09:02:38.943,6.93265,6.9339,2.78,2.03
2012.07.20 09:02:39.006,6.93265,6.9339,2.78,2.03
2012.07.20 09:02:39.183,6.93256,6.93369,1.50,2.03
2012.07.20 09:02:40.582,6.93256,6.93369,1.50,2.03
2012.07.20 09:02:48.251,6.93262,6.93389,2.78,2.78
2012.07.20 09:02:50.091,6.93243,6.93368,2.78,2.03
2012.07.20 09:02:55.971,6.93243,6.93368,2.78,2.03
2012.07.20 09:02:57.853,6.93243,6.93368,2.78,2.03
2012.07.20 09:03:00.589,6.93263,6.93388,2.78,2.78
2012.07.20 09:03:02.189,6.93237,6.93363,1.50,2.03
2012.07.20 09:03:02.502,6.93236,6.93363,2.78,2.78
2012.07.20 09:03:02.857,6.93236,6.93344,2.03,1.13
2012.07.20 09:03:03.215,6.93209,6.93327,1.50,2.03
2012.07.20 09:03:07.439,6.932,6.93327,2.78,2.03
2012.07.20 09:03:08.107,6.932,6.93327,2.78,2.03
2012.07.20 09:03:08.228,6.93226,6.93351,2.78,2.78
2012.07.20 09:03:08.531,6.93243,6.93363,2.78,1.22
2012.07.20 09:03:08.594,6.93243,6.93363,2.78,1.22
2012.07.20 09:03:08.829,6.93243,6.93363,2.78,1.22
2012.07.20 09:03:09.002,6.93243,6.93363,2.78,1.22
2012.07.20 09:03:10.584,6.93243,6.93363,2.78,1.22
2012.07.20 09:03:10.648,6.93243,6.9336,2.03,1.50
2012.07.20 09:03:11.160,6.93181,6.93285,1.13,2.03
2012.07.20 09:03:11.227,6.93158,6.93285,2.78,2.78
2012.07.20 09:03:11.349,6.93155,6.93269,1.50,2.03
2012.07.20 09:03:11.530,6.93135,6.93253,1.13,2.78
2012.07.20 09:03:11.651,6.93126,6.93229,1.50,2.03
2012.07.20 09:03:12.056,6.93103,6.93206,1.50,2.03
2012.07.20 09:03:12.391,6.93117,6.93203,1.50,2.03
2012.07.20 09:03:12.514,6.93139,6.93264,2.78,2.78
2012.07.20 09:03:12.636,6.93139,6.93264,2.78,2.78
2012.07.20 09:03:12.961,6.93139,6.93264,2.78,2.78
2012.07.20 09:03:13.023,6.93139,6.93264,2.78,2.03
2012.07.20 09:03:15.370,6.93154,6.93279,2.78,2.78
2012.07.20 09:03:20.679,6.93154,6.93279,2.78,2.03
2012.07.20 09:03:20.856,6.93193,6.933,2.03,1.13
2012.07.20 09:03:21.111,6.93193,6.933,2.03,1.13
2012.07.20 09:03:21.176,6.93175,6.93299,2.40,1.50
2012.07.20 09:03:22.171,6.93175,6.93285,2.40,1.13
2012.07.20 09:03:24.624,6.93175,6.933,2.78,2.78
2012.07.20 09:03:24.975,6.93193,6.933,1.50,2.03
2012.07.20 09:03:25.438,6.93212,6.93337,2.78,1.13
2012.07.20 09:03:25.501,6.93212,6.93337,2.78,1.13
2012.07.20 09:03:25.695,6.93212,6.93337,2.78,1.50
2012.07.20 09:03:25.930,6.93195,6.9332,3.53,2.03
2012.07.20 09:03:26.326,6.93189,6.93305,1.50,2.03
2012.07.20 09:03:26.390,6.9318,6.93305,2.78,2.78
2012.07.20 09:03:26.455,6.9318,6.93305,2.03,2.78
2012.07.20 09:03:26.710,6.9318,6.93284,2.03,1.13
2012.07.20 09:03:27.149,6.93155,6.93268,2.78,2.03
2012.07.20 09:03:30.135,6.93141,6.93268,2.78,2.03
2012.07.20 09:03:30.376,6.93156,6.93284,2.78,2.78
2012.07.20 09:03:30.496,6.93156,6.93284,2.78,2.78
2012.07.20 09:03:30.616,6.9316,6.93284,1.50,2.03
2012.07.20 09:03:30.930,6.9316,6.93284,1.50,2.03
2012.07.20 09:03:31.106,6.93172,6.93299,2.78,2.03
2012.07.20 09:03:31.892,6.93172,6.93299,2.78,2.78
2012.07.20 09:03:32.127,6.93168,6.93283,1.50,2.03
2012.07.20 09:03:32.451,6.93168,6.93283,1.50,2.03
2012.07.20 09:03:32.753,6.93198,6.93283,1.50,2.03
2012.07.20 09:03:32.988,6.93199,6.93326,2.78,2.03
2012.07.20 09:03:33.167,6.93218,6.93343,2.78,2.78
2012.07.20 09:03:33.330,6.93218,6.93338,2.40,1.50
2012.07.20 09:03:33.393,6.93194,6.93322,3.53,2.03
2012.07.20 09:03:33.572,6.93184,6.93305,1.13,2.78
2012.07.20 09:03:34.133,6.93178,6.93294,2.78,1.13
2012.07.20 09:03:34.491,6.93139,6.93257,1.50,2.03
2012.07.20 09:03:34.553,6.93148,6.93275,2.78,2.78
2012.07.20 09:03:34.674,6.93139,6.93258,1.50,2.03
2012.07.20 09:03:34.793,6.93139,6.93258,1.50,2.03
2012.07.20 09:03:34.994,6.93139,6.93236,1.50,2.03
2012.07.20 09:03:35.229,6.93139,6.93261,1.50,4.05
2012.07.20 09:03:35.349,6.93125,6.93244,1.50,2.03
2012.07.20 09:03:35.482,6.93135,6.9326,2.78,2.03
2012.07.20 09:03:36.003,6.93135,6.9326,2.78,2.03
2012.07.20 09:03:36.409,6.93137,6.93264,2.78,2.03
2012.07.20 09:03:37.252,6.93137,6.93264,2.78,2.03
2012.07.20 09:03:40.491,6.93137,6.93264,2.78,2.03
2012.07.20 09:03:40.821,6.93137,6.93264,2.78,2.03
2012.07.20 09:03:40.998,6.93161,6.93288,2.78,2.78
2012.07.20 09:03:41.175,6.93161,6.93288,2.78,2.03
2012.07.20 09:03:42.569,6.93146,6.93265,1.50,2.03
2012.07.20 09:03:42.746,6.93156,6.93281,2.78,2.03
2012.07.20 09:03:42.958,6.93146,6.93261,1.50,2.03
2012.07.20 09:03:45.261,6.93161,6.93286,2.78,4.05
2012.07.20 09:03:46.242,6.93146,6.93267,1.50,2.03
2012.07.20 09:03:46.762,6.93146,6.93267,1.50,2.03
2012.07.20 09:03:50.692,6.93142,6.93267,2.78,2.03
2012.07.20 09:03:54.291,6.93147,6.93274,2.78,2.03
2012.07.20 09:03:54.583,6.9314,6.93258,1.50,2.03
2012.07.20 09:03:54.952,6.93138,6.93258,1.50,2.40
2012.07.20 09:03:55.515,6.93153,6.93262,2.03,1.13
2012.07.20 09:03:56.114,6.93153,6.93258,2.03,1.13
2012.07.20 09:03:56.463,6.93153,6.93253,2.03,1.50
2012.07.20 09:03:59.362,6.93153,6.93252,2.03,1.50
2012.07.20 09:03:59.541,6.93158,6.93247,2.03,1.13
2012.07.20 09:03:59.664,6.9313,6.93251,2.78,1.13
2012.07.20 09:03:59.812,6.93143,6.93251,2.03,1.13
2012.07.20 09:04:00.029,6.93123,6.93248,2.78,2.40
2012.07.20 09:04:02.684,6.93128,6.93247,2.78,1.13
2012.07.20 09:04:03.035,6.93104,6.93192,2.78,1.50
2012.07.20 09:04:03.214,6.9309,6.93172,1.13,2.03
2012.07.20 09:04:03.716,6.9307,6.93192,2.78,2.03
2012.07.20 09:04:04.330,6.93081,6.93201,2.78,1.13
2012.07.20 09:04:04.543,6.93081,6.93208,2.78,2.78
2012.07.20 09:04:04.722,6.93094,6.93203,2.03,1.13
2012.07.20 09:04:05.042,6.93086,6.93201,2.78,1.13
2012.07.20 09:04:05.656,6.93086,6.93196,2.40,1.13
2012.07.20 09:04:07.533,6.93086,6.93194,2.40,1.13
2012.07.20 09:04:08.488,6.93086,6.93196,2.40,1.13
2012.07.20 09:04:09.394,6.93086,6.93194,2.40,1.13
2012.07.20 09:04:09.974,6.93086,6.93196,2.40,1.13
2012.07.20 09:04:10.662,6.93086,6.93194,2.40,1.13
2012.07.20 09:04:12.421,6.93101,6.93194,2.03,1.13
2012.07.20 09:04:13.351,6.93101,6.93194,2.03,1.13
2012.07.20 09:04:13.416,6.93087,6.93194,2.03,1.13
2012.07.20 09:04:13.668,6.93087,6.93194,2.03,1.13
2012.07.20 09:04:14.991,6.93087,6.93192,2.03,1.50
2012.07.20 09:04:15.340,6.93087,6.93172,2.03,1.50
2012.07.20 09:04:15.572,6.93087,6.9318,2.03,1.13
2012.07.20 09:04:15.637,6.93037,6.93156,2.58,2.78
2012.07.20 09:04:15.759,6.93074,6.93172,2.03,1.50
2012.07.20 09:04:15.880,6.93056,6.9318,2.78,1.13
2012.07.20 09:04:15.943,6.93056,6.9318,2.78,1.13
2012.07.20 09:04:16.179,6.93081,6.9318,2.03,1.13
2012.07.20 09:04:19.154,6.93081,6.93184,2.03,1.13
2012.07.20 09:04:20.483,6.93081,6.93184,2.03,1.13
2012.07.20 09:04:26.040,6.93081,6.93188,2.03,1.88
2012.07.20 09:04:27.242,6.93081,6.93188,2.03,1.88
2012.07.20 09:04:27.362,6.93081,6.93188,2.03,1.13
2012.07.20 09:04:28.033,6.93064,6.93188,2.78,1.13
2012.07.20 09:04:30.210,6.93079,6.93188,2.40,1.88
2012.07.20 09:04:30.871,6.93079,6.93188,2.78,1.50
2012.07.20 09:04:31.240,6.93079,6.93192,2.78,1.50
2012.07.20 09:04:31.972,6.93079,6.93188,2.78,1.50
2012.07.20 09:04:32.092,6.93079,6.93193,2.78,1.13
2012.07.20 09:04:32.249,6.93094,6.93193,2.03,1.13
2012.07.20 09:04:32.425,6.93088,6.93193,2.03,1.13
2012.07.20 09:04:32.489,6.93059,6.93184,2.78,2.78
2012.07.20 09:04:32.848,6.93091,6.93193,2.03,1.13
2012.07.20 09:04:33.573,6.93072,6.93193,2.78,1.13
2012.07.20 09:04:34.275,6.93072,6.93186,2.78,1.13
2012.07.20 09:04:35.163,6.93073,6.93183,2.78,1.50
2012.07.20 09:04:35.508,6.93073,6.93183,2.78,1.50
2012.07.20 09:04:35.933,6.93073,6.93183,2.78,1.50
2012.07.20 09:04:36.483,6.93073,6.93183,2.78,1.50
2012.07.20 09:04:37.157,6.93073,6.93183,2.78,1.50
2012.07.20 09:04:39.568,6.93073,6.93183,2.78,1.50
2012.07.20 09:04:39.719,6.93088,6.93183,2.03,1.50
2012.07.20 09:04:39.840,6.93073,6.93183,2.78,1.50
2012.07.20 09:04:39.903,6.93073,6.93183,2.78,1.50
2012.07.20 09:04:39.967,6.93051,6.93178,2.78,2.03
2012.07.20 09:04:40.293,6.93051,6.93178,2.78,2.03
2012.07.20 09:04:41.075,6.93077,6.932,2.58,2.03
2012.07.20 09:04:41.149,6.93126,6.93192,2.03,1.50
2012.07.20 09:04:41.429,6.93126,6.93204,2.03,1.50
2012.07.20 09:04:41.493,6.93126,6.93204,2.03,1.50
2012.07.20 09:04:41.615,6.93093,6.93185,2.78,1.50
2012.07.20 09:04:41.679,6.93093,6.93202,2.40,1.50
2012.07.20 09:04:41.800,6.93093,6.93205,2.40,1.13
2012.07.20 09:04:41.922,6.93093,6.93213,2.78,1.50
2012.07.20 09:04:42.277,6.9311,6.93219,2.03,1.13
2012.07.20 09:04:42.564,6.9311,6.9322,2.03,1.13
2012.07.20 09:04:42.684,6.9311,6.93219,2.03,1.13
2012.07.20 09:04:43.476,6.9311,6.9322,2.03,1.13
2012.07.20 09:04:43.539,6.9311,6.93222,2.40,1.13
2012.07.20 09:04:44.062,6.9311,6.93237,2.78,2.78
2012.07.20 09:04:44.527,6.93125,6.9324,2.78,1.13
2012.07.20 09:04:45.867,6.93091,6.93218,2.03,2.78
2012.07.20 09:04:46.203,6.93096,6.93218,2.03,2.78
2012.07.20 09:04:46.324,6.9312,6.93242,2.78,1.13
2012.07.20 09:04:46.444,6.93138,6.93242,2.03,1.13
2012.07.20 09:04:47.755,6.93138,6.93252,2.78,1.50
2012.07.20 09:04:48.241,6.93138,6.93257,2.78,1.13
2012.07.20 09:04:48.531,6.93154,6.93257,2.03,1.13
2012.07.20 09:04:50.288,6.93154,6.93257,2.03,1.13
2012.07.20 09:04:50.408,6.93139,6.93257,2.78,1.13
2012.07.20 09:04:52.195,6.93139,6.93257,2.78,1.13
2012.07.20 09:04:52.711,6.93139,6.93235,2.78,1.50
2012.07.20 09:04:52.775,6.93139,6.93235,2.40,1.50
2012.07.20 09:04:53.605,6.93139,6.93235,2.03,1.50
2012.07.20 09:04:54.453,6.93139,6.93235,2.03,1.50
2012.07.20 09:04:56.322,6.93139,6.93235,2.03,1.50
2012.07.20 09:04:56.384,6.93139,6.93235,2.40,1.50
2012.07.20 09:04:56.732,6.93154,6.93249,2.03,1.50
2012.07.20 09:04:57.423,6.93154,6.93249,2.03,1.50
2012.07.20 09:04:57.760,6.93154,6.9325,2.03,1.13
2012.07.20 09:04:58.313,6.93154,6.93237,2.03,1.50
2012.07.20 09:04:58.918,6.93154,6.93243,2.78,1.50
2012.07.20 09:04:59.098,6.93154,6.93256,2.78,1.50
2012.07.20 09:04:59.219,6.93164,6.93256,2.40,1.50
2012.07.20 09:04:59.398,6.93164,6.93254,2.03,1.13
2012.07.20 09:04:59.578,6.93141,6.93254,2.40,1.13
2012.07.20 09:04:59.756,6.93141,6.93248,2.40,1.50
2012.07.20 09:05:00.107,6.93141,6.9324,2.40,1.50
2012.07.20 09:05:00.227,6.93145,6.9324,2.03,1.50
2012.07.20 09:05:02.851,6.93145,6.9324,2.03,1.50
2012.07.20 09:05:02.914,6.93145,6.9324,2.78,1.50
2012.07.20 09:05:03.274,6.9316,6.93258,2.03,1.50
2012.07.20 09:05:03.911,6.9316,6.93258,2.03,1.50
2012.07.20 09:05:04.136,6.9316,6.93258,2.03,1.50
2012.07.20 09:05:07.051,6.9316,6.93249,2.03,1.13
2012.07.20 09:05:07.172,6.9313,6.93249,2.78,1.13
2012.07.20 09:05:07.676,6.93149,6.93249,2.03,1.13
2012.07.20 09:05:11.059,6.93149,6.93258,2.78,1.50
2012.07.20 09:05:12.104,6.93149,6.93258,2.40,1.50
2012.07.20 09:05:17.057,6.93149,6.93258,2.40,1.50
2012.07.20 09:05:17.411,6.93108,6.93258,1.50,1.50
2012.07.20 09:05:17.483,6.93114,6.93256,1.13,1.13
2012.07.20 09:05:17.697,6.93114,6.93256,1.13,1.13
2012.07.20 09:05:18.474,6.93149,6.93248,2.03,1.50
2012.07.20 09:05:18.884,6.93149,6.93248,2.03,1.50
2012.07.20 09:05:19.320,6.93149,6.93248,2.03,1.50
2012.07.20 09:05:19.383,6.93149,6.93248,2.03,1.50
2012.07.20 09:05:20.315,6.93149,6.93248,2.40,1.50
2012.07.20 09:05:21.003,6.93104,6.93248,1.50,1.50
2012.07.20 09:05:21.131,6.93132,6.93248,2.03,1.50
2012.07.20 09:05:21.681,6.93104,6.93191,1.50,2.03
2012.07.20 09:05:21.746,6.93104,6.93191,1.50,2.78
2012.07.20 09:05:21.809,6.93093,6.93152,1.50,1.22
2012.07.20 09:05:21.874,6.93046,6.9314,2.03,1.50
2012.07.20 09:05:21.938,6.93028,6.9314,2.03,1.50
2012.07.20 09:05:23.201,6.93028,6.93152,2.78,1.22
2012.07.20 09:05:23.322,6.9304,6.93152,2.78,1.22
2012.07.20 09:05:23.499,6.93059,6.93172,2.78,1.50
2012.07.20 09:05:23.562,6.93059,6.93179,2.78,1.50
2012.07.20 09:05:23.683,6.93059,6.93184,2.78,2.78
2012.07.20 09:05:23.861,6.93081,6.93208,2.78,2.78
2012.07.20 09:05:24.489,6.93102,6.93208,2.03,1.13
2012.07.20 09:05:24.772,6.93085,6.93196,2.40,1.13
2012.07.20 09:05:24.834,6.93067,6.93192,2.78,2.03
2012.07.20 09:05:25.184,6.93067,6.93173,2.03,1.50
2012.07.20 09:05:25.361,6.93058,6.93173,1.83,1.50
2012.07.20 09:05:25.481,6.93058,6.93177,1.83,2.78
2012.07.20 09:05:26.047,6.93058,6.93166,1.83,1.50
2012.07.20 09:05:26.388,6.93058,6.93177,2.58,2.78
2012.07.20 09:05:26.621,6.93075,6.93191,2.78,1.13
2012.07.20 09:05:26.799,6.93075,6.932,2.78,2.78
2012.07.20 09:05:26.862,6.93075,6.932,2.78,2.78
2012.07.20 09:05:26.926,6.93075,6.932,2.78,2.78
2012.07.20 09:05:27.163,6.93118,6.93242,2.78,1.13
2012.07.20 09:05:27.782,6.93118,6.93222,2.03,1.50
2012.07.20 09:05:27.845,6.93118,6.93222,2.03,1.50
2012.07.20 09:05:27.910,6.93099,6.9321,2.40,1.13
2012.07.20 09:05:28.427,6.93099,6.9321,2.40,1.13
2012.07.20 09:05:32.746,6.93089,6.93206,1.50,2.78
2012.07.20 09:05:32.866,6.93103,6.93228,2.78,2.78
2012.07.20 09:05:32.988,6.93096,6.93208,1.50,2.03
2012.07.20 09:05:33.051,6.93118,6.93225,2.21,2.78
2012.07.20 09:05:33.285,6.93118,6.9324,2.58,2.78
2012.07.20 09:05:33.485,6.93131,6.9324,1.50,2.03
2012.07.20 09:05:34.520,6.93131,6.9324,1.50,2.03
2012.07.20 09:05:34.699,6.93131,6.93256,1.50,2.03
2012.07.20 09:05:36.575,6.93131,6.93256,1.50,2.78
2012.07.20 09:05:36.794,6.93129,6.93256,2.78,2.78
2012.07.20 09:05:37.387,6.9313,6.93253,1.50,2.03
2012.07.20 09:05:37.452,6.93144,6.93269,2.78,2.78
2012.07.20 09:05:37.582,6.93144,6.93265,2.78,1.50
2012.07.20 09:05:39.317,6.93144,6.93269,2.78,2.78
2012.07.20 09:05:39.435,6.93144,6.93265,2.78,1.50
2012.07.20 09:05:39.780,6.93144,6.93269,2.78,2.78
2012.07.20 09:05:41.986,6.93144,6.93269,2.78,2.78
2012.07.20 09:05:42.330,6.93144,6.93269,2.78,2.03
2012.07.20 09:05:48.655,6.93144,6.93269,2.78,2.78
2012.07.20 09:05:48.803,6.93144,6.93259,2.78,1.13
2012.07.20 09:05:49.096,6.93144,6.93241,2.78,2.78
2012.07.20 09:05:49.445,6.93098,6.93218,1.50,2.03
2012.07.20 09:05:49.564,6.93132,6.93239,2.78,1.50
2012.07.20 09:05:50.094,6.93098,6.93211,1.50,2.03
2012.07.20 09:05:50.313,6.93101,6.93226,2.78,2.03
2012.07.20 09:05:54.946,6.93101,6.93226,2.78,2.03
2012.07.20 09:05:55.009,6.93101,6.93226,2.78,2.03
2012.07.20 09:05:59.617,6.93118,6.93242,2.78,1.50
2012.07.20 09:05:59.948,6.93118,6.93239,2.78,1.50
2012.07.20 09:06:13.805,6.93124,6.93239,2.78,1.50
2012.07.20 09:06:13.924,6.93124,6.93239,2.78,1.50
2012.07.20 09:06:14.146,6.93124,6.93247,2.78,1.50
2012.07.20 09:06:14.209,6.93124,6.93247,2.78,1.50
2012.07.20 09:06:14.605,6.9314,6.93257,2.78,1.50
2012.07.20 09:06:15.005,6.93136,6.93257,2.78,1.50
2012.07.20 09:06:15.546,6.93136,6.93257,2.78,1.50
2012.07.20 09:06:15.835,6.93136,6.93261,2.78,2.78
2012.07.20 09:06:16.013,6.93136,6.93261,2.78,2.03
2012.07.20 09:06:16.076,6.9315,6.93273,2.78,1.58
2012.07.20 09:06:16.253,6.9315,6.93276,2.78,1.58
2012.07.20 09:06:19.250,6.93154,6.93277,1.50,2.85
2012.07.20 09:06:19.769,6.93159,6.93277,1.50,2.10
2012.07.20 09:06:19.898,6.93186,6.93301,2.78,2.03
2012.07.20 09:06:19.962,6.93186,6.93311,2.78,2.78
2012.07.20 09:06:20.280,6.932,6.93318,2.78,1.50
2012.07.20 09:06:20.343,6.93186,6.93311,2.78,2.78
2012.07.20 09:06:20.578,6.93212,6.93313,2.03,1.50
2012.07.20 09:06:20.641,6.93212,6.93319,2.03,1.13
2012.07.20 09:06:20.761,6.93212,6.93322,2.78,1.50
2012.07.20 09:06:23.765,6.93212,6.93322,2.78,1.50
2012.07.20 09:06:35.465,6.93212,6.93329,2.78,1.50
2012.07.20 09:06:36.085,6.93212,6.93329,2.78,1.50
2012.07.20 09:06:37.109,6.93212,6.93329,2.78,1.50
2012.07.20 09:06:37.980,6.93212,6.93329,2.78,1.50
2012.07.20 09:06:38.042,6.93212,6.93323,2.40,1.13
2012.07.20 09:06:38.232,6.93212,6.93282,2.03,1.13
2012.07.20 09:06:38.294,6.93191,6.93282,2.03,1.13
2012.07.20 09:06:38.475,6.9317,6.93282,1.13,1.13
2012.07.20 09:06:38.972,6.9317,6.93283,1.50,2.78
2012.07.20 09:06:39.093,6.93172,6.93295,2.78,1.13
2012.07.20 09:06:39.157,6.93172,6.93299,2.78,3.53
2012.07.20 09:06:39.220,6.93172,6.93299,2.78,3.53
2012.07.20 09:06:39.284,6.93172,6.93299,2.78,2.78
2012.07.20 09:06:39.405,6.9319,6.93302,2.78,1.50
2012.07.20 09:06:39.583,6.93216,6.93309,2.78,1.50
2012.07.20 09:06:39.854,6.93216,6.93312,2.78,1.50
2012.07.20 09:06:40.657,6.932,6.93319,2.78,1.13
2012.07.20 09:06:41.036,6.93216,6.93319,2.03,1.13
2012.07.20 09:06:41.415,6.93216,6.93319,2.03,1.13
2012.07.20 09:06:42.001,6.93216,6.93343,2.78,3.25
2012.07.20 09:06:42.122,6.93235,6.93343,2.03,1.22
2012.07.20 09:06:42.468,6.93205,6.9333,2.78,2.78
2012.07.20 09:06:47.286,6.93264,6.9333,4.50,2.78
2012.07.20 09:06:47.461,6.9323,6.93343,2.40,1.22
2012.07.20 09:06:47.636,6.93209,6.93336,2.78,2.78
2012.07.20 09:06:49.343,6.93209,6.93336,2.78,2.03
2012.07.20 09:06:49.406,6.93225,6.93343,2.40,1.22
2012.07.20 09:06:56.192,6.93225,6.93317,2.03,1.50
2012.07.20 09:06:56.522,6.93201,6.93317,2.03,1.50
2012.07.20 09:06:56.836,6.93201,6.933,2.03,2.78
2012.07.20 09:06:57.106,6.93166,6.93291,2.78,2.78
2012.07.20 09:07:01.789,6.93166,6.93291,2.78,2.78
2012.07.20 09:07:02.365,6.93243,6.93339,2.03,2.78
2012.07.20 09:07:02.428,6.93243,6.93339,2.03,2.78
2012.07.20 09:07:03.512,6.93227,6.93343,2.03,1.22
2012.07.20 09:07:08.355,6.93211,6.93338,2.03,2.78
2012.07.20 09:07:08.419,6.93211,6.93338,2.03,2.78
2012.07.20 09:07:09.257,6.93196,6.93322,2.78,1.13
2012.07.20 09:07:10.175,6.93196,6.93315,2.78,1.13
2012.07.20 09:07:17.484,6.93196,6.93314,2.03,1.50
2012.07.20 09:07:17.548,6.93177,6.93302,2.78,2.40
2012.07.20 09:07:17.668,6.9317,6.93287,1.50,2.03
2012.07.20 09:07:18.207,6.93162,6.93287,2.78,2.78
2012.07.20 09:07:20.609,6.93178,6.93303,2.78,2.78
2012.07.20 09:07:20.794,6.93192,6.93308,2.78,1.13
2012.07.20 09:07:20.935,6.93208,6.93308,2.03,1.13
2012.07.20 09:07:21.167,6.93208,6.93308,2.03,1.13
2012.07.20 09:07:21.401,6.93208,6.93302,2.03,1.50
2012.07.20 09:07:21.521,6.93186,6.93302,2.40,1.50
2012.07.20 09:07:21.699,6.93162,6.93287,4.80,2.03
2012.07.20 09:07:21.994,6.93176,6.93302,2.78,1.50
2012.07.20 09:07:22.056,6.93176,6.93295,2.78,1.13
2012.07.20 09:07:23.793,6.93176,6.93287,2.40,1.13
2012.07.20 09:07:29.915,6.93176,6.93302,2.40,1.50
2012.07.20 09:07:29.978,6.93176,6.93302,2.78,1.13
2012.07.20 09:07:30.332,6.93169,6.93296,2.78,2.03
2012.07.20 09:07:30.395,6.93191,6.93302,2.40,1.13
2012.07.20 09:07:30.459,6.93191,6.93316,2.78,2.78
2012.07.20 09:07:30.578,6.93191,6.93316,2.78,2.03
2012.07.20 09:07:31.246,6.93208,6.93327,2.78,1.13
2012.07.20 09:07:32.998,6.93208,6.93335,2.78,2.78
2012.07.20 09:07:33.234,6.93208,6.93335,2.78,2.78
2012.07.20 09:07:33.584,6.93266,6.93368,2.03,1.13
2012.07.20 09:07:33.907,6.93266,6.93368,2.03,1.13
2012.07.20 09:07:35.939,6.9325,6.93368,2.78,1.13
2012.07.20 09:07:37.309,6.9325,6.93368,2.78,1.13
2012.07.20 09:07:37.486,6.9325,6.93373,2.78,1.22
2012.07.20 09:07:37.834,6.93269,6.93396,2.78,2.78
2012.07.20 09:07:37.898,6.93269,6.93396,2.78,2.78
2012.07.20 09:07:38.141,6.93269,6.93396,2.78,2.78
2012.07.20 09:07:39.078,6.93286,6.934,2.40,1.13
2012.07.20 09:07:39.317,6.93286,6.934,2.40,1.13
2012.07.20 09:07:40.724,6.93286,6.934,2.40,1.13
2012.07.20 09:07:41.079,6.93286,6.93411,2.78,2.78
2012.07.20 09:07:41.201,6.93286,6.93411,2.78,2.78
2012.07.20 09:07:41.322,6.93286,6.93411,2.78,2.03
2012.07.20 09:07:41.932,6.93293,6.93393,2.78,2.03
2012.07.20 09:07:41.996,6.93316,6.93432,2.78,1.22
2012.07.20 09:07:44.700,6.93316,6.93432,2.78,1.22
2012.07.20 09:07:48.590,6.93316,6.93429,2.40,1.13
2012.07.20 09:07:51.064,6.93301,6.93428,2.78,2.78
2012.07.20 09:07:51.245,6.93301,6.93419,2.78,1.13
2012.07.20 09:07:51.364,6.93327,6.93419,2.03,1.13
2012.07.20 09:07:51.725,6.93301,6.93419,2.78,1.13
2012.07.20 09:08:00.396,6.93281,6.93408,2.78,2.03
2012.07.20 09:08:01.182,6.93303,6.93419,2.78,1.13
2012.07.20 09:08:01.466,6.93303,6.93413,2.03,1.13
2012.07.20 09:08:02.078,6.93281,6.93406,2.78,2.03
2012.07.20 09:08:03.772,6.93281,6.93406,2.78,2.03
2012.07.20 09:08:04.189,6.93304,6.93419,2.78,1.13
2012.07.20 09:08:07.033,6.93304,6.93419,2.78,1.13
2012.07.20 09:08:07.566,6.93286,6.93411,2.78,2.78
2012.07.20 09:08:10.670,6.93286,6.93411,2.78,2.03
2012.07.20 09:08:10.734,6.93297,6.93422,2.78,2.40
2012.07.20 09:08:11.259,6.93297,6.93422,2.78,2.78
2012.07.20 09:08:11.899,6.93311,6.9342,2.03,1.50
2012.07.20 09:08:12.018,6.93295,6.9342,2.78,3.53
2012.07.20 09:08:17.130,6.93275,6.934,2.78,2.03
2012.07.20 09:08:17.899,6.933,6.9342,2.40,1.50
2012.07.20 09:08:18.364,6.933,6.93425,2.78,2.78
2012.07.20 09:08:20.578,6.93315,6.93427,2.03,1.50
2012.07.20 09:08:25.999,6.93315,6.93432,2.78,1.22
2012.07.20 09:08:27.480,6.93315,6.93423,2.78,4.50
2012.07.20 09:08:27.827,6.93281,6.93399,1.50,2.78
2012.07.20 09:08:34.025,6.93317,6.93415,2.78,4.50
2012.07.20 09:08:35.688,6.93317,6.93415,2.78,4.50
2012.07.20 09:08:37.606,6.93289,6.93399,1.50,4.50
2012.07.20 09:08:39.747,6.93299,6.93404,2.78,4.50
2012.07.20 09:08:40.468,6.93299,6.93404,2.78,4.50
2012.07.20 09:08:41.998,6.93299,6.93406,2.78,4.50
2012.07.20 09:08:48.634,6.93283,6.93399,2.78,4.50
2012.07.20 09:08:50.037,6.93283,6.93402,2.78,4.50
2012.07.20 09:08:53.877,6.93283,6.93403,2.78,4.50
2012.07.20 09:08:56.650,6.93283,6.934,2.78,4.50
2012.07.20 09:08:57.768,6.93283,6.934,2.78,4.50
2012.07.20 09:08:58.482,6.93312,6.934,2.40,4.50
2012.07.20 09:09:00.598,6.93312,6.934,2.78,4.50
2012.07.20 09:09:00.724,6.93312,6.93412,2.78,4.50
2012.07.20 09:09:01.242,6.93328,6.93412,2.03,4.50
2012.07.20 09:09:04.329,6.93346,6.93433,4.50,1.50
2012.07.20 09:09:04.676,6.93388,6.93482,2.03,1.50
2012.07.20 09:09:04.795,6.93378,6.9344,2.03,1.13
2012.07.20 09:09:04.858,6.93332,6.9344,2.78,1.13
2012.07.20 09:09:04.921,6.93332,6.9344,2.03,1.13
2012.07.20 09:09:05.598,6.93348,6.9344,2.03,1.13
2012.07.20 09:09:06.819,6.93329,6.9344,2.03,1.13
2012.07.20 09:09:09.716,6.93306,6.93431,2.78,2.03
2012.07.20 09:09:09.780,6.93306,6.93431,2.78,2.03
2012.07.20 09:09:09.901,6.93306,6.93431,2.78,2.78
2012.07.20 09:09:10.604,6.93332,6.93449,2.03,1.13
2012.07.20 09:09:10.912,6.93332,6.93452,2.40,1.22
2012.07.20 09:09:20.064,6.93313,6.93438,2.78,2.78
2012.07.20 09:09:21.549,6.93313,6.93438,2.78,2.78
2012.07.20 09:09:21.789,6.93313,6.93438,2.78,2.03
2012.07.20 09:09:21.907,6.93313,6.93438,2.78,2.03
2012.07.20 09:09:22.009,6.93336,6.93446,2.40,1.13
2012.07.20 09:09:22.072,6.93336,6.93452,2.40,1.50
2012.07.20 09:09:22.249,6.93337,6.93464,2.78,2.78
2012.07.20 09:09:22.947,6.93352,6.93458,2.03,1.13
2012.07.20 09:09:23.096,6.93329,6.93453,2.78,2.03
2012.07.20 09:09:23.486,6.93314,6.93438,1.50,2.03
2012.07.20 09:09:24.206,6.93334,6.93457,2.78,1.13
2012.07.20 09:09:24.270,6.93334,6.93459,2.78,3.15
2012.07.20 09:09:26.945,6.93334,6.93459,2.78,3.53
2012.07.20 09:09:33.018,6.93313,6.9344,3.53,2.03
2012.07.20 09:09:34.098,6.93313,6.9344,3.53,2.03
2012.07.20 09:09:34.257,6.93331,6.93456,2.78,2.03
2012.07.20 09:09:34.377,6.93345,6.93463,2.78,1.13
2012.07.20 09:09:35.280,6.93345,6.9347,2.78,1.13
2012.07.20 09:09:35.847,6.9333,6.93457,2.78,2.03
2012.07.20 09:09:35.967,6.9333,6.93457,2.78,2.78
2012.07.20 09:09:36.315,6.93306,6.93423,1.50,2.03
2012.07.20 09:09:36.583,6.93313,6.93438,2.78,2.03
2012.07.20 09:09:38.240,6.93329,6.93454,2.78,2.78
2012.07.20 09:09:38.361,6.93335,6.93454,1.50,2.03
2012.07.20 09:09:38.652,6.93359,6.9348,2.78,1.13
2012.07.20 09:09:40.454,6.93343,6.9347,2.78,2.03
2012.07.20 09:09:42.127,6.93359,6.9348,2.78,1.13
2012.07.20 09:09:44.503,6.9334,6.93465,2.78,2.03
2012.07.20 09:09:47.302,6.9334,6.93465,2.78,3.15
2012.07.20 09:09:47.365,6.9334,6.93465,2.03,3.53
2012.07.20 09:09:47.838,6.93333,6.93448,2.40,1.13
2012.07.20 09:09:47.921,6.93309,6.9342,2.78,2.03
2012.07.20 09:09:49.108,6.93295,6.9342,3.53,2.03
2012.07.20 09:09:51.645,6.93301,6.9342,1.50,2.03
2012.07.20 09:09:54.789,6.93295,6.9342,2.78,2.03
2012.07.20 09:09:55.021,6.93295,6.9342,2.78,2.03
2012.07.20 09:09:55.198,6.93294,6.93404,1.50,2.03
2012.07.20 09:09:55.376,6.93288,6.93404,2.58,2.03
2012.07.20 09:09:55.495,6.93288,6.93404,2.21,2.03
2012.07.20 09:09:55.616,6.93288,6.93388,1.83,2.03
2012.07.20 09:09:55.795,6.93251,6.93369,1.50,2.03
2012.07.20 09:09:56.593,6.93257,6.93336,2.25,2.03
2012.07.20 09:09:56.716,6.93283,6.9341,2.78,2.78
2012.07.20 09:09:56.902,6.93283,6.9341,2.78,2.78
2012.07.20 09:09:57.136,6.93283,6.9341,2.78,2.03
2012.07.20 09:09:59.452,6.93283,6.9341,2.78,2.03
2012.07.20 09:10:00.324,6.93283,6.9341,2.78,2.03
2012.07.20 09:10:04.308,6.93303,6.93425,2.78,1.13
2012.07.20 09:10:05.494,6.93303,6.93428,2.78,2.78
2012.07.20 09:10:10.675,6.93303,6.93428,2.78,2.03
2012.07.20 09:10:12.266,6.93303,6.93428,2.78,2.03
2012.07.20 09:10:12.660,6.93286,6.93409,1.50,2.03
2012.07.20 09:10:16.150,6.93286,6.93409,1.50,2.03
2012.07.20 09:10:17.252,6.93286,6.93409,1.50,2.03
2012.07.20 09:10:23.373,6.93284,6.93409,2.78,2.03
2012.07.20 09:10:26.977,6.93284,6.93409,2.78,2.03
2012.07.20 09:10:31.032,6.93284,6.93409,2.78,2.03
2012.07.20 09:10:32.664,6.93291,6.93416,2.78,2.03
2012.07.20 09:10:33.679,6.93291,6.93416,2.78,2.03
2012.07.20 09:10:34.218,6.93329,6.93456,2.78,2.78
2012.07.20 09:10:34.819,6.93329,6.93456,2.78,2.03
2012.07.20 09:10:36.487,6.93346,6.93471,2.40,1.50
2012.07.20 09:10:38.279,6.93332,6.93458,2.78,2.03
2012.07.20 09:10:42.098,6.93316,6.9344,1.50,2.03
2012.07.20 09:10:42.335,6.93315,6.9344,2.78,2.03
2012.07.20 09:10:42.708,6.93315,6.93431,2.78,2.03
2012.07.20 09:10:43.127,6.93295,6.93406,1.50,2.03
2012.07.20 09:10:44.956,6.93288,6.93406,2.58,2.78
2012.07.20 09:10:45.019,6.93288,6.93406,1.83,2.78
2012.07.20 09:10:45.085,6.93249,6.93367,1.50,2.40
2012.07.20 09:10:45.206,6.93248,6.93348,1.13,2.03
2012.07.20 09:10:45.444,6.93238,6.93348,1.83,2.40
2012.07.20 09:10:45.730,6.93238,6.93327,1.83,2.03
2012.07.20 09:10:46.612,6.93238,6.93342,1.83,2.03
2012.07.20 09:10:48.230,6.93238,6.93342,1.83,2.78
2012.07.20 09:10:48.467,6.93215,6.93342,2.78,2.78
2012.07.20 09:10:48.590,6.93206,6.93329,1.13,2.78
2012.07.20 09:10:48.656,6.93204,6.93329,2.78,2.78
2012.07.20 09:10:48.963,6.93184,6.93278,1.13,2.03
2012.07.20 09:10:49.083,6.93158,6.93278,1.50,2.03
2012.07.20 09:10:49.568,6.93158,6.93254,1.50,2.03
2012.07.20 09:10:49.689,6.93157,6.9327,1.50,2.03
2012.07.20 09:10:49.809,6.93157,6.9327,1.50,2.03
2012.07.20 09:10:50.161,6.93178,6.93303,2.78,2.03
2012.07.20 09:10:50.224,6.93196,6.93309,2.78,2.78
2012.07.20 09:10:50.288,6.93196,6.93323,2.78,2.03
2012.07.20 09:10:50.431,6.93181,6.93306,2.78,2.03
2012.07.20 09:10:51.394,6.93208,6.93306,1.50,2.03
2012.07.20 09:10:51.521,6.93234,6.93359,2.78,2.78
2012.07.20 09:10:52.493,6.93234,6.93352,2.03,1.50
2012.07.20 09:10:52.786,6.93189,6.93314,2.40,2.78
2012.07.20 09:10:53.262,6.93177,6.93289,2.58,2.03
2012.07.20 09:10:53.708,6.93178,6.93303,2.78,2.03
2012.07.20 09:10:55.718,6.93178,6.93303,2.78,2.03
2012.07.20 09:10:57.532,6.93177,6.93281,2.58,2.03
2012.07.20 09:10:57.712,6.93185,6.93305,2.40,2.40
2012.07.20 09:10:58.603,6.93185,6.93306,2.03,1.50
2012.07.20 09:10:58.668,6.93169,6.93296,2.78,2.40
2012.07.20 09:10:59.805,6.93169,6.93296,2.03,2.78
2012.07.20 09:11:03.053,6.93169,6.93296,2.03,2.78
2012.07.20 09:11:07.528,6.93169,6.93296,2.40,2.03
2012.07.20 09:11:08.179,6.93172,6.93296,1.13,2.03
2012.07.20 09:11:12.446,6.93185,6.93311,2.03,2.78
2012.07.20 09:11:13.249,6.93172,6.93296,1.13,2.03
2012.07.20 09:11:14.227,6.93172,6.93274,1.13,2.03
2012.07.20 09:11:14.822,6.9316,6.93274,1.50,2.03
2012.07.20 09:11:15.343,6.9316,6.93274,1.50,2.03
2012.07.20 09:11:16.684,6.93168,6.93284,1.50,2.03
2012.07.20 09:11:17.747,6.93159,6.93284,3.15,2.78
2012.07.20 09:11:18.387,6.93159,6.93283,2.78,1.50
2012.07.20 09:11:18.456,6.93141,6.93256,1.50,2.03
2012.07.20 09:11:19.048,6.93141,6.93256,1.50,2.03
2012.07.20 09:11:19.482,6.93141,6.93256,1.50,2.03
2012.07.20 09:11:19.545,6.93141,6.93256,1.50,2.03
2012.07.20 09:11:19.828,6.93141,6.93256,1.50,2.03
2012.07.20 09:11:19.950,6.93172,6.93297,2.78,2.78
2012.07.20 09:11:20.069,6.93188,6.93312,2.03,1.50
2012.07.20 09:11:21.525,6.93188,6.93312,2.03,1.50
2012.07.20 09:11:21.646,6.93165,6.9329,1.50,2.03
2012.07.20 09:11:21.942,6.93163,6.9329,2.78,2.03
2012.07.20 09:11:22.101,6.93183,6.93303,2.03,1.13
2012.07.20 09:11:24.236,6.93183,6.93308,2.78,2.03
2012.07.20 09:11:24.571,6.93183,6.93308,2.78,2.03
2012.07.20 09:11:24.889,6.93187,6.93308,1.50,2.03
2012.07.20 09:11:25.168,6.93236,6.93351,2.40,1.13
2012.07.20 09:11:26.938,6.93204,6.93331,2.78,2.03
2012.07.20 09:11:27.530,6.93204,6.93331,2.78,2.03
2012.07.20 09:11:27.651,6.93204,6.93331,2.03,2.78
2012.07.20 09:11:27.715,6.93194,6.93313,1.13,2.40
2012.07.20 09:11:27.835,6.93194,6.93281,1.13,2.03
2012.07.20 09:11:28.127,6.93178,6.93271,2.58,2.03
2012.07.20 09:11:29.113,6.93177,6.93271,1.50,2.03
2012.07.20 09:11:29.864,6.93177,6.93293,1.50,2.03
2012.07.20 09:11:30.041,6.93161,6.9328,1.50,2.03
2012.07.20 09:11:30.341,6.93161,6.93265,1.50,2.03
2012.07.20 09:11:31.475,6.93154,6.93265,1.50,2.03
2012.07.20 09:11:34.942,6.93154,6.93279,3.53,2.03
2012.07.20 09:11:37.695,6.93154,6.93279,3.15,2.78
2012.07.20 09:11:37.818,6.93148,6.93227,2.58,2.03
2012.07.20 09:11:38.338,6.93137,6.93227,1.13,2.03
2012.07.20 09:11:38.539,6.93137,6.93227,1.50,2.03
2012.07.20 09:11:38.851,6.93132,6.93227,1.50,2.03
2012.07.20 09:11:39.356,6.93163,6.93288,2.78,2.03
2012.07.20 09:11:41.341,6.93163,6.93288,2.78,2.40
2012.07.20 09:11:41.404,6.93163,6.93274,2.78,2.03
2012.07.20 09:11:41.753,6.93139,6.93236,1.50,2.03
2012.07.20 09:11:42.099,6.93139,6.9323,1.50,2.03
2012.07.20 09:11:42.220,6.93125,6.93246,1.50,2.03
2012.07.20 09:11:42.341,6.93152,6.93279,2.78,2.78
2012.07.20 09:11:42.574,6.93152,6.93279,2.78,2.03
2012.07.20 09:11:43.729,6.93227,6.93352,2.78,2.78
2012.07.20 09:11:45.058,6.93227,6.9335,2.78,1.13
2012.07.20 09:11:45.121,6.93204,6.93325,1.50,2.03
2012.07.20 09:11:45.185,6.93204,6.93325,1.50,2.03
2012.07.20 09:11:45.363,6.93204,6.93327,1.50,2.03
2012.07.20 09:11:45.541,6.93204,6.93327,1.50,2.03
2012.07.20 09:11:46.149,6.93204,6.93327,1.50,2.03
2012.07.20 09:11:46.212,6.9322,6.93347,2.78,2.03
2012.07.20 09:11:47.435,6.9322,6.93347,2.78,2.03
2012.07.20 09:11:47.746,6.93232,6.93347,1.50,2.03
2012.07.20 09:11:48.095,6.9327,6.93347,1.50,2.03
2012.07.20 09:11:48.158,6.93274,6.93399,2.78,2.78
2012.07.20 09:11:48.279,6.93274,6.93399,2.78,2.03
2012.07.20 09:11:48.760,6.93288,6.93411,2.78,1.13
2012.07.20 09:11:48.829,6.93304,6.93413,2.03,1.13
2012.07.20 09:11:49.182,6.93304,6.93422,2.03,1.50
2012.07.20 09:11:49.671,6.93289,6.93414,2.78,2.03
2012.07.20 09:11:51.809,6.93289,6.93414,2.78,2.03
2012.07.20 09:11:52.122,6.93276,6.93399,1.50,2.03
2012.07.20 09:11:55.855,6.93288,6.93415,2.78,2.03
2012.07.20 09:11:57.946,6.93288,6.93415,2.78,2.03
2012.07.20 09:11:58.123,6.93308,6.9343,2.78,1.13
2012.07.20 09:11:58.303,6.93308,6.93433,2.78,2.78
2012.07.20 09:11:58.789,6.93308,6.93433,2.78,2.40
2012.07.20 09:11:59.002,6.9329,6.93415,2.78,2.03
2012.07.20 09:12:01.044,6.9329,6.93415,2.03,2.78
2012.07.20 09:12:01.378,6.9329,6.93393,2.03,2.03
2012.07.20 09:12:01.821,6.93268,6.93369,1.50,2.03
2012.07.20 09:12:02.177,6.93288,6.93393,2.78,2.03
2012.07.20 09:12:02.298,6.93288,6.93415,2.78,2.03
2012.07.20 09:12:03.292,6.93288,6.93415,2.78,2.03
2012.07.20 09:12:16.865,6.93288,6.93415,2.78,2.03
2012.07.20 09:12:16.984,6.93307,6.93415,1.50,2.03
2012.07.20 09:12:17.049,6.93317,6.93436,1.50,2.03
2012.07.20 09:12:17.567,6.93337,6.93462,2.03,1.50
2012.07.20 09:12:17.968,6.93337,6.93464,2.03,2.78
2012.07.20 09:12:20.278,6.93337,6.93464,2.78,2.03
2012.07.20 09:12:20.399,6.93344,6.93471,2.40,2.03
2012.07.20 09:12:21.034,6.93344,6.93471,2.03,2.78
2012.07.20 09:12:22.182,6.93332,6.93453,1.13,2.03
2012.07.20 09:12:24.134,6.93354,6.93478,2.03,2.78
2012.07.20 09:12:28.893,6.93337,6.93462,2.78,2.40
2012.07.20 09:12:30.158,6.93337,6.93462,2.03,2.40
2012.07.20 09:12:30.220,6.93329,6.93445,1.13,2.03
2012.07.20 09:12:31.284,6.93339,6.93466,2.03,2.78
2012.07.20 09:12:35.955,6.93339,6.93466,2.03,2.40
2012.07.20 09:12:36.668,6.93339,6.93466,2.78,2.40
2012.07.20 09:12:37.144,6.93362,6.93489,2.03,2.78
2012.07.20 09:12:38.243,6.93362,6.93489,2.03,2.78
2012.07.20 09:12:40.533,6.93362,6.93489,2.03,2.40
2012.07.20 09:12:43.477,6.93362,6.93489,2.03,2.78
2012.07.20 09:12:44.243,6.9338,6.93492,2.03,1.50
2012.07.20 09:12:44.362,6.93364,6.93489,2.03,2.78
2012.07.20 09:12:45.185,6.93379,6.93492,2.03,1.50
2012.07.20 09:12:45.248,6.93362,6.93487,2.03,2.78
2012.07.20 09:12:45.404,6.93378,6.93492,2.03,1.50
2012.07.20 09:12:45.524,6.93361,6.93488,2.03,2.78
2012.07.20 09:12:45.755,6.93379,6.93492,2.03,1.50
2012.07.20 09:12:45.817,6.93379,6.93492,2.03,1.50
2012.07.20 09:12:45.880,6.9336,6.93488,2.03,2.78
2012.07.20 09:12:45.999,6.93381,6.93492,2.03,1.50
2012.07.20 09:12:49.345,6.93356,6.93488,2.03,2.78
2012.07.20 09:12:50.050,6.93378,6.93509,2.78,1.50
2012.07.20 09:12:50.282,6.93378,6.9352,2.78,1.50
2012.07.20 09:12:51.827,6.93376,6.93507,1.50,2.03
2012.07.20 09:12:52.059,6.93378,6.93519,2.78,2.78
2012.07.20 09:12:52.417,6.93394,6.9352,2.03,1.50
2012.07.20 09:12:53.366,6.93414,6.9352,2.03,1.50
2012.07.20 09:12:54.410,6.93402,6.9352,2.03,1.50
2012.07.20 09:12:58.938,6.93402,6.93521,2.40,1.13
2012.07.20 09:12:59.205,6.93402,6.93529,2.78,2.78
2012.07.20 09:12:59.268,6.93402,6.93529,2.78,2.03
2012.07.20 09:12:59.332,6.93418,6.93538,2.78,1.13
2012.07.20 09:12:59.396,6.93418,6.93543,2.78,1.50
2012.07.20 09:13:00.268,6.93418,6.93545,2.78,2.03
2012.07.20 09:13:00.641,6.93453,6.9358,2.78,2.78
2012.07.20 09:13:00.992,6.93492,6.93592,2.03,1.13
2012.07.20 09:13:01.055,6.93492,6.93592,2.03,1.50
2012.07.20 09:13:01.119,6.93477,6.93592,2.03,1.50
2012.07.20 09:13:02.006,6.93461,6.93588,2.03,2.78
2012.07.20 09:13:02.672,6.93461,6.93588,2.03,2.78
2012.07.20 09:13:04.434,6.93461,6.93585,2.03,1.50
2012.07.20 09:13:04.816,6.93461,6.93549,2.03,1.50
2012.07.20 09:13:04.882,6.93461,6.93549,2.03,1.50
2012.07.20 09:13:05.003,6.93461,6.93568,2.03,1.88
2012.07.20 09:13:05.181,6.93461,6.93568,2.03,1.13
2012.07.20 09:13:05.472,6.93436,6.93556,1.13,2.03
2012.07.20 09:13:05.538,6.93473,6.9358,2.03,1.50
2012.07.20 09:13:06.984,6.93459,6.93584,2.03,2.78
2012.07.20 09:13:08.478,6.93451,6.93578,2.03,2.78
2012.07.20 09:13:09.044,6.93451,6.93578,2.03,2.78
2012.07.20 09:13:14.990,6.93451,6.93578,2.03,2.40
2012.07.20 09:13:16.050,6.93451,6.93578,2.78,2.03
2012.07.20 09:13:17.951,6.93451,6.93578,2.78,2.03
2012.07.20 09:13:18.014,6.93499,6.93602,2.78,2.78
2012.07.20 09:13:18.253,6.93484,6.93591,2.03,1.13
2012.07.20 09:13:18.316,6.93482,6.93591,2.03,1.13
2012.07.20 09:13:18.380,6.93482,6.93601,2.03,1.50
2012.07.20 09:13:19.289,6.93466,6.93594,2.78,2.40
2012.07.20 09:13:19.465,6.93466,6.93591,2.78,1.13
2012.07.20 09:13:20.078,6.93467,6.93554,2.03,1.50
2012.07.20 09:13:20.150,6.93436,6.93532,2.03,1.50
2012.07.20 09:13:20.328,6.93436,6.93539,2.03,1.50
2012.07.20 09:13:20.449,6.93413,6.93533,2.03,2.78
2012.07.20 09:13:20.718,6.93408,6.93533,2.03,2.78
2012.07.20 09:13:20.904,6.93408,6.93533,2.03,2.40
2012.07.20 09:13:21.081,6.93395,6.9352,3.53,2.03
2012.07.20 09:13:22.180,6.93395,6.9352,2.78,2.40
2012.07.20 09:13:22.301,6.93385,6.93501,1.13,2.03
2012.07.20 09:13:22.636,6.93395,6.93501,1.50,2.03
2012.07.20 09:13:23.311,6.9339,6.93517,2.78,2.03
2012.07.20 09:13:23.745,6.93408,6.93517,1.50,2.03
2012.07.20 09:13:24.034,6.93403,6.93517,1.50,2.03
2012.07.20 09:13:24.270,6.93398,6.93517,1.50,2.78
2012.07.20 09:13:24.617,6.93449,6.93524,2.03,1.50
2012.07.20 09:13:25.199,6.93449,6.93524,2.03,1.50
2012.07.20 09:13:25.343,6.93429,6.93524,2.03,1.50
2012.07.20 09:13:25.407,6.93429,6.93529,2.03,1.13
2012.07.20 09:13:25.470,6.93405,6.9351,2.03,2.03
2012.07.20 09:13:25.534,6.93394,6.9351,2.03,2.03
2012.07.20 09:13:25.597,6.93419,6.93524,2.03,1.13
2012.07.20 09:13:26.429,6.93402,6.93529,2.03,2.78
2012.07.20 09:13:26.655,6.93402,6.93529,2.03,2.78
2012.07.20 09:13:28.411,6.93425,6.93534,2.03,1.50
2012.07.20 09:13:29.716,6.93406,6.93531,2.03,2.78
2012.07.20 09:13:31.442,6.93406,6.93531,2.40,2.03
2012.07.20 09:13:31.505,6.93408,6.93531,1.13,2.03
2012.07.20 09:13:31.682,6.93406,6.93531,2.40,2.03
2012.07.20 09:13:31.917,6.9344,6.93547,2.03,1.50
2012.07.20 09:13:32.492,6.93425,6.93547,2.03,1.50
2012.07.20 09:13:33.362,6.93401,6.93528,2.03,2.78
2012.07.20 09:13:35.084,6.93401,6.93528,2.03,2.78
2012.07.20 09:13:40.157,6.93401,6.93528,2.78,2.03
2012.07.20 09:13:42.009,6.93401,6.93528,2.78,2.03
2012.07.20 09:13:42.491,6.93401,6.93528,2.78,2.03
2012.07.20 09:13:44.513,6.93441,6.93552,2.03,1.50
2012.07.20 09:13:44.964,6.93441,6.93555,2.03,1.13
2012.07.20 09:13:45.414,6.93441,6.93553,2.03,1.13
2012.07.20 09:13:46.417,6.93419,6.93544,2.03,2.78
2012.07.20 09:13:49.035,6.93419,6.93544,2.03,2.03
2012.07.20 09:13:49.251,6.93419,6.93544,2.03,2.78
2012.07.20 09:13:49.565,6.93404,6.93529,2.78,2.03
2012.07.20 09:13:53.023,6.93404,6.93529,2.78,2.03
2012.07.20 09:13:56.382,6.9342,6.93547,2.78,2.78
2012.07.20 09:13:56.613,6.9342,6.93547,2.40,2.78
2012.07.20 09:13:58.287,6.93404,6.93529,2.78,2.03
2012.07.20 09:13:59.315,6.93419,6.93546,2.78,2.78
2012.07.20 09:14:00.463,6.93401,6.93528,2.78,2.03
2012.07.20 09:14:00.772,6.9339,6.93512,1.50,2.03
2012.07.20 09:14:04.947,6.93405,6.93532,2.78,2.03
2012.07.20 09:14:05.011,6.93405,6.93532,2.78,2.03
2012.07.20 09:14:05.747,6.93405,6.93532,2.78,2.03
2012.07.20 09:14:05.813,6.93407,6.93534,2.78,2.03
2012.07.20 09:14:06.008,6.93407,6.93534,2.78,2.03
2012.07.20 09:14:06.553,6.93407,6.93534,2.78,2.03
2012.07.20 09:14:06.864,6.9343,6.93534,2.03,2.03
2012.07.20 09:14:07.217,6.93486,6.93609,2.03,1.13
2012.07.20 09:14:07.281,6.93486,6.93609,2.03,1.13
2012.07.20 09:14:07.550,6.93486,6.93609,2.03,1.13
2012.07.20 09:14:07.684,6.93486,6.93586,2.03,1.50
2012.07.20 09:14:08.035,6.93425,6.93543,1.50,2.03
2012.07.20 09:14:08.339,6.93416,6.93543,3.53,2.03
2012.07.20 09:14:08.640,6.93423,6.93543,1.50,2.03
2012.07.20 09:14:08.935,6.93482,6.93609,2.03,2.78
2012.07.20 09:14:09.017,6.93482,6.93609,2.03,2.78
2012.07.20 09:14:10.563,6.93482,6.93609,2.03,2.78
2012.07.20 09:14:10.686,6.93482,6.93601,2.03,1.50
2012.07.20 09:14:10.980,6.93417,6.93544,2.40,2.03
2012.07.20 09:14:11.327,6.93417,6.93544,2.40,2.78
2012.07.20 09:14:11.567,6.93417,6.93544,2.40,2.03
2012.07.20 09:14:11.745,6.93406,6.9352,1.50,2.03
2012.07.20 09:14:12.301,6.93411,6.93536,2.78,2.03
2012.07.20 09:14:14.033,6.93411,6.93536,2.78,2.03
2012.07.20 09:14:14.635,6.93386,6.93512,1.50,2.03
2012.07.20 09:14:16.337,6.93401,6.93528,2.78,2.03
2012.07.20 09:14:17.379,6.93401,6.93528,2.78,2.03
2012.07.20 09:14:17.501,6.93401,6.93528,2.78,2.03
2012.07.20 09:14:17.724,6.93416,6.93543,2.78,2.78
2012.07.20 09:14:19.696,6.93416,6.93543,2.40,2.78
2012.07.20 09:14:19.940,6.93416,6.93543,2.78,2.78
2012.07.20 09:14:23.092,6.93416,6.93543,2.40,2.78
2012.07.20 09:14:24.201,6.93416,6.93543,2.78,2.78
2012.07.20 09:14:26.586,6.93416,6.93543,2.78,2.78
2012.07.20 09:14:27.350,6.93416,6.93543,2.78,2.78
2012.07.20 09:14:27.636,6.93416,6.93543,2.78,2.78
2012.07.20 09:14:29.219,6.93416,6.93543,2.78,2.78
2012.07.20 09:14:29.400,6.93431,6.93543,2.78,2.03
2012.07.20 09:14:29.636,6.93431,6.93543,2.78,2.03
2012.07.20 09:14:29.700,6.93456,6.93571,2.03,1.13
2012.07.20 09:14:29.880,6.93462,6.93558,2.03,1.13
2012.07.20 09:14:29.945,6.93445,6.93558,2.03,1.13
2012.07.20 09:14:30.162,6.93422,6.93546,1.50,2.03
2012.07.20 09:14:30.281,6.93421,6.93546,2.03,2.03
2012.07.20 09:14:30.861,6.93421,6.93546,2.78,2.03
2012.07.20 09:14:31.665,6.93441,6.93557,2.03,1.13
2012.07.20 09:14:31.985,6.93472,6.93587,2.03,1.50
2012.07.20 09:14:32.049,6.93472,6.93591,2.03,1.13
2012.07.20 09:14:32.298,6.93472,6.93591,2.03,1.13
2012.07.20 09:14:32.773,6.93472,6.93579,2.03,1.50
2012.07.20 09:14:33.010,6.93431,6.93556,2.78,2.03
2012.07.20 09:14:33.074,6.93431,6.93556,2.78,2.78
2012.07.20 09:14:33.906,6.93431,6.93556,2.78,2.78
2012.07.20 09:14:33.969,6.93431,6.93556,2.78,2.03
2012.07.20 09:14:34.092,6.93449,6.93574,2.78,2.78
2012.07.20 09:14:34.155,6.93449,6.93574,2.78,2.03
2012.07.20 09:14:34.219,6.93472,6.93583,2.03,1.13
2012.07.20 09:14:34.609,6.93456,6.93583,2.40,3.15
2012.07.20 09:14:34.672,6.93456,6.93578,2.03,1.50
2012.07.20 09:14:35.021,6.93456,6.93558,2.03,1.50
2012.07.20 09:14:35.199,6.93439,6.93558,2.03,1.50
2012.07.20 09:14:35.320,6.93423,6.93548,2.40,2.03
2012.07.20 09:14:35.966,6.93436,6.9355,2.03,1.13
2012.07.20 09:14:36.262,6.93458,6.93586,2.78,2.03
2012.07.20 09:14:36.709,6.93474,6.93592,2.03,1.13
2012.07.20 09:14:36.997,6.93474,6.93592,2.03,1.13
2012.07.20 09:14:37.503,6.93495,6.93592,2.03,1.13
2012.07.20 09:14:37.623,6.93475,6.93592,2.03,1.13
2012.07.20 09:14:37.686,6.93475,6.93592,2.03,1.13
2012.07.20 09:14:37.995,6.93475,6.93592,2.03,1.13
2012.07.20 09:14:38.269,6.9346,6.93587,2.78,2.03
2012.07.20 09:14:38.595,6.93455,6.93582,2.78,2.03
2012.07.20 09:14:38.897,6.93471,6.93597,2.40,2.78
2012.07.20 09:14:39.253,6.93471,6.93597,2.40,2.78
2012.07.20 09:14:39.429,6.93472,6.93597,1.13,2.78
2012.07.20 09:14:39.782,6.93533,6.93633,2.03,1.13
2012.07.20 09:14:39.957,6.93513,6.93633,2.03,1.13
2012.07.20 09:14:40.181,6.93496,6.93623,2.78,2.03
2012.07.20 09:14:40.245,6.93496,6.93623,2.03,2.78
2012.07.20 09:14:40.931,6.93496,6.93623,2.78,2.03
2012.07.20 09:14:41.626,6.93505,6.9363,2.78,2.03
2012.07.20 09:14:42.486,6.9353,6.93655,2.78,4.80
2012.07.20 09:14:42.550,6.9353,6.93655,2.78,4.80
2012.07.20 09:14:42.614,6.93528,6.9363,1.50,2.03
2012.07.20 09:14:42.735,6.93536,6.93655,2.78,2.78
2012.07.20 09:14:42.971,6.93583,6.93682,2.03,1.58
2012.07.20 09:14:43.206,6.93583,6.93688,2.03,1.29
2012.07.20 09:14:43.328,6.93568,6.93688,2.03,1.29
2012.07.20 09:14:43.562,6.93568,6.93688,2.03,1.13
2012.07.20 09:14:43.626,6.93591,6.93682,2.03,1.50
2012.07.20 09:14:43.959,6.93591,6.93675,2.03,1.13
2012.07.20 09:14:44.415,6.93551,6.93675,2.03,1.13
2012.07.20 09:14:47.392,6.93551,6.93677,2.03,1.13
2012.07.20 09:14:47.533,6.93548,6.93662,2.21,2.03
2012.07.20 09:14:48.142,6.93548,6.93662,1.83,2.78
2012.07.20 09:14:49.490,6.93565,6.93664,2.03,1.50
2012.07.20 09:14:51.577,6.93554,6.93664,2.03,1.50
2012.07.20 09:14:52.352,6.93554,6.93655,2.03,1.13
2012.07.20 09:14:52.415,6.93554,6.93654,2.03,1.50
2012.07.20 09:14:53.130,6.93512,6.93642,2.78,2.78
2012.07.20 09:14:53.252,6.93512,6.93642,2.78,2.03
2012.07.20 09:14:54.668,6.93512,6.93642,2.40,2.40
2012.07.20 09:14:54.786,6.93512,6.93641,2.40,1.13
2012.07.20 09:14:56.042,6.93522,6.93641,2.03,1.13
2012.07.20 09:14:56.362,6.93537,6.93645,2.03,1.13
2012.07.20 09:14:56.754,6.93537,6.93652,2.03,1.50
2012.07.20 09:14:57.307,6.93554,6.93652,2.03,1.50
2012.07.20 09:14:57.785,6.93543,6.93652,2.03,1.50
2012.07.20 09:14:59.361,6.93543,6.93652,2.03,1.50
2012.07.20 09:15:00.803,6.93543,6.93652,2.03,1.50
2012.07.20 09:15:01.344,6.93543,6.93663,2.40,1.13
2012.07.20 09:15:01.466,6.9356,6.93671,2.03,1.50
2012.07.20 09:15:01.816,6.93575,6.93684,2.03,1.13
2012.07.20 09:15:02.061,6.93551,6.93652,2.03,2.40
2012.07.20 09:15:02.182,6.93527,6.93652,1.50,2.40
2012.07.20 09:15:02.416,6.93542,6.93653,2.03,1.13
2012.07.20 09:15:03.042,6.93542,6.93667,2.78,1.13
2012.07.20 09:15:03.324,6.93542,6.93667,2.78,1.13
2012.07.20 09:15:04.019,6.93525,6.93629,1.50,2.03
2012.07.20 09:15:04.638,6.93547,6.93675,3.53,2.03
2012.07.20 09:15:05.047,6.93547,6.93654,1.50,2.03
2012.07.20 09:15:06.088,6.93547,6.93654,1.50,2.03
2012.07.20 09:15:06.209,6.9353,6.93654,1.50,2.78
2012.07.20 09:15:06.275,6.93528,6.93635,1.13,2.03
2012.07.20 09:15:06.456,6.93519,6.93635,1.50,2.03
2012.07.20 09:15:06.935,6.93503,6.93618,1.50,2.03
2012.07.20 09:15:08.377,6.93492,6.93618,1.50,2.03
2012.07.20 09:15:08.499,6.93491,6.93616,2.78,2.78
2012.07.20 09:15:08.987,6.93478,6.93553,1.13,2.03
2012.07.20 09:15:09.050,6.93463,6.93553,1.50,2.03
2012.07.20 09:15:09.355,6.93464,6.93591,2.78,2.40
2012.07.20 09:15:09.589,6.93464,6.93591,2.78,2.03
2012.07.20 09:15:09.653,6.9348,6.93607,2.78,2.78
2012.07.20 09:15:09.946,6.93505,6.9363,2.78,2.78
2012.07.20 09:15:10.295,6.93505,6.93632,2.78,2.03
2012.07.20 09:15:10.588,6.93505,6.93632,2.78,2.78
2012.07.20 09:15:11.238,6.93505,6.93632,2.78,2.03
2012.07.20 09:15:12.168,6.93505,6.93632,2.78,2.78
2012.07.20 09:15:12.518,6.93505,6.93632,2.78,2.03
2012.07.20 09:15:12.784,6.93505,6.93632,2.78,2.78
2012.07.20 09:15:14.095,6.93505,6.93632,2.78,2.03
2012.07.20 09:15:14.272,6.93505,6.93632,2.78,2.03
2012.07.20 09:15:17.498,6.93525,6.93648,2.78,1.13
2012.07.20 09:15:17.561,6.9351,6.93635,2.78,2.03
2012.07.20 09:15:18.241,6.93525,6.93652,2.78,2.78
2012.07.20 09:15:18.309,6.93525,6.93652,2.78,2.78
2012.07.20 09:15:24.466,6.93528,6.93652,1.50,2.78
2012.07.20 09:15:25.031,6.93534,6.93659,2.78,3.15
2012.07.20 09:15:25.647,6.93534,6.93659,2.78,2.78
2012.07.20 09:15:26.856,6.93534,6.93659,2.78,3.15
2012.07.20 09:15:26.986,6.93518,6.93643,1.50,2.03
2012.07.20 09:15:28.014,6.93517,6.93643,2.78,2.03
2012.07.20 09:15:28.135,6.93505,6.93628,1.50,2.03
2012.07.20 09:15:29.149,6.93503,6.93628,2.78,2.03
2012.07.20 09:15:32.256,6.93503,6.93628,2.78,2.03
2012.07.20 09:15:36.434,6.93517,6.93638,2.78,1.13
2012.07.20 09:15:36.554,6.93491,6.93618,3.53,2.03
2012.07.20 09:15:46.398,6.93506,6.93633,2.78,2.03
2012.07.20 09:15:47.552,6.93491,6.93618,3.53,2.03
2012.07.20 09:15:49.447,6.93491,6.93618,3.53,2.03
2012.07.20 09:15:50.046,6.9348,6.93601,1.50,2.03
2012.07.20 09:15:50.111,6.9348,6.93623,1.50,2.03
2012.07.20 09:15:50.768,6.9348,6.93623,1.50,2.03
2012.07.20 09:15:50.945,6.93496,6.93638,1.50,2.03
2012.07.20 09:15:51.839,6.93496,6.93638,1.50,2.78
2012.07.20 09:15:53.812,6.93496,6.93638,1.50,2.40
2012.07.20 09:15:57.653,6.93538,6.93632,1.50,2.03
2012.07.20 09:15:57.888,6.93547,6.93659,1.50,2.03
2012.07.20 09:15:58.009,6.9358,6.93678,2.03,1.50
2012.07.20 09:15:58.187,6.9358,6.93692,2.03,1.13
2012.07.20 09:15:58.377,6.93601,6.93692,2.03,1.13
2012.07.20 09:15:58.935,6.93601,6.93698,2.03,1.50
2012.07.20 09:15:59.716,6.93586,6.93704,2.40,1.13
2012.07.20 09:15:59.934,6.93586,6.93704,2.40,1.13
2012.07.20 09:16:01.899,6.93572,6.93691,2.40,1.13
2012.07.20 09:16:03.957,6.93568,6.93683,1.50,2.78
2012.07.20 09:16:04.909,6.93571,6.93698,2.78,2.78
2012.07.20 09:16:07.054,6.93571,6.93698,2.78,2.78
2012.07.20 09:16:07.127,6.93581,6.93707,2.78,2.78
2012.07.20 09:16:08.576,6.93581,6.93707,2.78,2.78
2012.07.20 09:16:08.905,6.93602,6.93727,2.78,2.78
2012.07.20 09:16:13.086,6.93606,6.93733,2.78,2.78
2012.07.20 09:16:13.321,6.93618,6.9374,1.50,2.78
2012.07.20 09:16:13.875,6.93643,6.93768,2.78,1.13
2012.07.20 09:16:13.995,6.93625,6.93752,2.78,2.03
2012.07.20 09:16:14.296,6.93625,6.93752,2.78,2.03
2012.07.20 09:16:24.527,6.93622,6.93747,1.50,2.03
2012.07.20 09:16:28.039,6.9362,6.93747,2.78,2.03
2012.07.20 09:16:28.888,6.9362,6.93747,2.78,2.03
2012.07.20 09:16:30.027,6.93638,6.93763,2.78,2.03
2012.07.20 09:16:31.587,6.93676,6.93787,2.03,1.13
2012.07.20 09:16:31.951,6.93676,6.93784,2.03,1.50
2012.07.20 09:16:32.270,6.93676,6.93784,2.03,1.50
2012.07.20 09:16:32.871,6.93676,6.93754,2.03,1.13
2012.07.20 09:16:32.935,6.93645,6.93754,2.03,1.13
2012.07.20 09:16:33.482,6.93645,6.93767,2.03,1.50
2012.07.20 09:16:34.034,6.93645,6.93754,2.03,1.13
2012.07.20 09:16:34.342,6.93631,6.93754,2.78,1.13
2012.07.20 09:16:34.878,6.93631,6.93753,2.78,1.50
2012.07.20 09:16:34.942,6.93631,6.93753,2.03,1.50
2012.07.20 09:16:35.923,6.93631,6.93753,2.03,2.25
2012.07.20 09:16:36.216,6.93594,6.93707,1.13,2.03
2012.07.20 09:16:36.338,6.93594,6.93714,1.13,2.78
2012.07.20 09:16:36.402,6.93607,6.93714,1.50,2.03
2012.07.20 09:16:36.466,6.93607,6.93725,1.50,1.13
2012.07.20 09:16:37.334,6.93582,6.93713,2.78,2.03
2012.07.20 09:16:37.933,6.93582,6.93713,2.78,2.03
2012.07.20 09:16:38.385,6.93576,6.93699,1.50,2.03
2012.07.20 09:16:39.949,6.93576,6.93703,1.50,2.03
2012.07.20 09:16:40.200,6.93576,6.93703,1.50,2.03
2012.07.20 09:16:40.263,6.93596,6.93721,2.78,2.03
2012.07.20 09:16:40.327,6.93596,6.93721,2.78,2.03
2012.07.20 09:16:40.563,6.93628,6.93755,2.78,2.78
2012.07.20 09:16:40.684,6.93653,6.93756,2.03,1.13
2012.07.20 09:16:40.748,6.93653,6.93765,2.03,1.50
2012.07.20 09:16:40.898,6.93653,6.93756,2.03,1.13
2012.07.20 09:16:41.251,6.93653,6.93692,2.03,1.50
2012.07.20 09:16:41.543,6.93653,6.93703,2.03,1.50
2012.07.20 09:16:41.664,6.93653,6.93731,2.03,1.13
2012.07.20 09:16:41.959,6.93629,6.93728,2.03,2.78
2012.07.20 09:16:42.024,6.93629,6.93672,2.03,2.03
2012.07.20 09:16:42.267,6.93606,6.93675,2.78,2.03
2012.07.20 09:16:42.332,6.93613,6.93738,2.78,2.78
2012.07.20 09:16:42.454,6.93613,6.93738,2.78,2.78
2012.07.20 09:16:42.575,6.93613,6.93716,2.03,1.13
2012.07.20 09:16:42.639,6.93613,6.93722,2.03,1.50
2012.07.20 09:16:42.875,6.93613,6.93719,2.03,1.50
2012.07.20 09:16:43.477,6.93575,6.937,1.50,2.03
2012.07.20 09:16:44.059,6.93573,6.937,2.78,2.03
2012.07.20 09:16:44.180,6.93592,6.93713,2.78,1.13
2012.07.20 09:16:45.270,6.93592,6.93717,2.78,2.78
2012.07.20 09:16:46.146,6.93592,6.93717,2.78,2.03
2012.07.20 09:16:46.380,6.93592,6.93717,2.78,2.78
2012.07.20 09:16:46.736,6.93592,6.93717,2.78,2.03
2012.07.20 09:16:49.837,6.93615,6.93718,2.03,1.13
2012.07.20 09:16:50.007,6.9359,6.93715,4.80,2.03
2012.07.20 09:16:50.069,6.9359,6.93715,2.78,2.78
2012.07.20 09:16:50.132,6.9359,6.93712,2.40,1.50
2012.07.20 09:16:50.710,6.9359,6.93704,2.40,1.50
2012.07.20 09:16:51.049,6.9359,6.93702,2.03,1.50
2012.07.20 09:16:51.202,6.93573,6.93698,2.78,2.78
2012.07.20 09:16:51.380,6.93573,6.93698,2.78,2.03
2012.07.20 09:16:52.508,6.93573,6.93698,2.78,2.03
2012.07.20 09:16:55.717,6.93573,6.93698,2.78,2.03
2012.07.20 09:16:55.836,6.9359,6.93715,2.78,2.78
2012.07.20 09:16:55.956,6.9359,6.93715,2.78,2.03
2012.07.20 09:17:00.239,6.9359,6.93715,2.78,2.78
2012.07.20 09:17:00.561,6.93574,6.93701,2.78,2.03
2012.07.20 09:17:00.982,6.93574,6.93701,2.78,2.03
2012.07.20 09:17:01.668,6.93574,6.93701,2.78,2.40
2012.07.20 09:17:01.788,6.93571,6.93681,1.50,2.03
2012.07.20 09:17:07.279,6.93581,6.93704,2.40,1.50
2012.07.20 09:17:11.612,6.93617,6.93706,1.50,2.03
2012.07.20 09:17:11.732,6.93617,6.93706,1.50,2.03
2012.07.20 09:17:11.909,6.93617,6.93706,1.50,2.03
2012.07.20 09:17:11.973,6.93617,6.93726,1.50,2.03
2012.07.20 09:17:12.426,6.93622,6.93747,2.40,1.50
2012.07.20 09:17:12.924,6.93622,6.93741,2.40,1.13
2012.07.20 09:17:13.221,6.93555,6.93672,1.13,2.40
2012.07.20 09:17:13.630,6.93587,6.93682,2.03,2.25
2012.07.20 09:17:13.811,6.93568,6.93677,2.58,2.03
2012.07.20 09:17:14.692,6.93558,6.93683,2.78,2.03
2012.07.20 09:17:15.645,6.93575,6.93699,2.78,1.50
2012.07.20 09:17:17.489,6.93555,6.93679,1.50,2.03
2012.07.20 09:17:17.553,6.93569,6.93694,2.78,1.13
2012.07.20 09:17:19.239,6.93569,6.93696,2.78,2.40
2012.07.20 09:17:19.361,6.93569,6.93694,2.78,1.13
2012.07.20 09:17:19.596,6.93569,6.93696,3.53,2.40
2012.07.20 09:17:19.944,6.93565,6.9369,2.78,2.03
2012.07.20 09:17:20.373,6.93575,6.93693,2.40,1.13
2012.07.20 09:17:20.641,6.93555,6.93682,2.78,2.40
2012.07.20 09:17:26.933,6.93546,6.93657,1.50,2.03
2012.07.20 09:17:27.238,6.93538,6.93657,2.58,2.78
2012.07.20 09:17:27.761,6.9351,6.93616,1.50,2.03
2012.07.20 09:17:28.527,6.9351,6.93616,1.50,2.03
2012.07.20 09:17:29.383,6.9351,6.93616,1.50,2.03
2012.07.20 09:17:32.158,6.93501,6.93616,1.50,2.03
2012.07.20 09:17:32.277,6.93507,6.93634,2.78,2.03
2012.07.20 09:17:36.058,6.93507,6.93634,2.78,2.03
2012.07.20 09:17:41.024,6.93507,6.93634,2.78,2.03
2012.07.20 09:17:42.065,6.93507,6.93634,2.03,2.03
2012.07.20 09:17:42.506,6.93507,6.93634,2.78,2.03
2012.07.20 09:17:42.863,6.93535,6.93662,2.03,2.03
2012.07.20 09:17:43.384,6.93536,6.93662,2.03,2.03
2012.07.20 09:17:43.447,6.93559,6.93687,2.03,2.78
2012.07.20 09:17:43.859,6.93554,6.93679,2.03,2.78
2012.07.20 09:17:48.677,6.93554,6.93679,2.03,2.78
2012.07.20 09:17:49.024,6.93513,6.93638,2.78,2.03
2012.07.20 09:17:49.505,6.93507,6.93618,1.83,2.03
2012.07.20 09:17:50.852,6.93508,6.93633,2.03,2.03
2012.07.20 09:17:52.945,6.93529,6.93654,2.03,2.78
2012.07.20 09:17:53.182,6.93529,6.93654,2.03,2.03
2012.07.20 09:17:53.302,6.93549,6.93676,2.03,2.03
2012.07.20 09:17:54.091,6.93582,6.93707,2.03,2.78
2012.07.20 09:17:54.212,6.9356,6.93687,2.03,2.78
2012.07.20 09:17:54.476,6.93557,6.93684,2.03,2.03
2012.07.20 09:17:56.227,6.93542,6.9367,2.03,2.03
2012.07.20 09:17:56.349,6.93518,6.93637,2.78,2.03
2012.07.20 09:17:56.413,6.9351,6.93637,2.78,2.03
2012.07.20 09:17:56.803,6.9351,6.93637,2.03,2.03
2012.07.20 09:17:57.270,6.93511,6.93637,1.50,2.03
2012.07.20 09:17:57.335,6.93549,6.9366,2.03,2.03
2012.07.20 09:17:57.574,6.93549,6.93676,2.03,2.03
2012.07.20 09:17:57.637,6.93549,6.93676,2.03,2.78
2012.07.20 09:17:57.873,6.93549,6.93676,2.03,2.03
2012.07.20 09:17:57.937,6.93539,6.93666,2.03,2.03
2012.07.20 09:17:58.512,6.93541,6.93666,2.03,2.03
2012.07.20 09:17:58.824,6.93557,6.93682,2.03,2.78
2012.07.20 09:17:59.999,6.9354,6.93667,2.03,2.03
2012.07.20 09:18:00.465,6.9354,6.93667,2.03,2.78
2012.07.20 09:18:00.771,6.93517,6.93624,2.03,2.03
2012.07.20 09:18:00.891,6.93507,6.93624,1.83,2.03
2012.07.20 09:18:01.848,6.93515,6.9364,2.03,2.03
2012.07.20 09:18:03.584,6.93538,6.93665,2.03,2.78
2012.07.20 09:18:03.705,6.93538,6.93665,2.03,2.78
2012.07.20 09:18:04.139,6.93523,6.93648,2.03,2.03
2012.07.20 09:18:05.224,6.93507,6.93624,2.58,2.03
2012.07.20 09:18:05.559,6.93507,6.93624,1.83,2.03
2012.07.20 09:18:07.078,6.93509,6.93624,2.03,2.03
2012.07.20 09:18:07.383,6.93533,6.93675,2.03,2.78
2012.07.20 09:18:07.932,6.9354,6.93666,2.03,1.50
2012.07.20 09:18:08.003,6.9354,6.93662,2.03,1.50
2012.07.20 09:18:08.237,6.9354,6.93662,2.03,1.50
2012.07.20 09:18:08.829,6.93527,6.93658,2.03,2.78
2012.07.20 09:18:08.961,6.93527,6.93649,2.03,1.50
2012.07.20 09:18:09.712,6.93527,6.93653,2.03,1.50
2012.07.20 09:18:10.237,6.93527,6.93658,2.03,2.78
2012.07.20 09:18:10.561,6.93507,6.93639,1.83,2.03
2012.07.20 09:18:10.720,6.93507,6.93637,3.86,2.03
2012.07.20 09:18:13.112,6.93538,6.93663,2.03,2.78
2012.07.20 09:18:13.249,6.93538,6.93663,2.03,2.78
2012.07.20 09:18:13.362,6.93514,6.93636,2.03,2.03
2012.07.20 09:18:13.538,6.93509,6.93636,2.78,2.03
2012.07.20 09:18:16.086,6.93507,6.93615,2.58,2.03
2012.07.20 09:18:16.305,6.93507,6.93615,1.83,2.03
2012.07.20 09:18:17.277,6.93536,6.9364,2.03,2.03
2012.07.20 09:18:17.407,6.93536,6.93663,2.03,1.50
2012.07.20 09:18:18.476,6.93536,6.93646,2.03,1.50
2012.07.20 09:18:19.230,6.93536,6.93662,2.03,1.50
2012.07.20 09:18:19.389,6.9352,6.93656,2.03,2.78
2012.07.20 09:18:19.949,6.9352,6.93646,2.03,1.50
2012.07.20 09:18:20.069,6.93507,6.93639,1.83,2.03
2012.07.20 09:18:20.966,6.93508,6.93644,2.03,2.78
2012.07.20 09:18:21.259,6.93508,6.93644,2.03,2.03
2012.07.20 09:18:21.415,6.93533,6.93669,2.03,4.80
2012.07.20 09:18:21.590,6.93533,6.93669,2.03,2.78
2012.07.20 09:18:22.314,6.93524,6.93654,2.03,2.78
2012.07.20 09:18:23.508,6.93522,6.93649,2.03,2.03
2012.07.20 09:18:24.598,6.93507,6.93631,2.58,2.03
2012.07.20 09:18:24.971,6.93507,6.93631,1.83,2.03
2012.07.20 09:18:25.876,6.93521,6.93646,2.03,2.78
2012.07.20 09:18:29.860,6.93536,6.93661,2.03,2.78
2012.07.20 09:18:30.209,6.93567,6.93685,2.03,2.78
2012.07.20 09:18:30.273,6.93567,6.93692,2.03,2.78
2012.07.20 09:18:30.339,6.9355,6.93678,2.03,2.03
2012.07.20 09:18:30.403,6.93573,6.93698,2.03,2.78
2012.07.20 09:18:30.467,6.93556,6.93681,2.03,2.03
2012.07.20 09:18:30.586,6.93552,6.93677,2.03,2.03
2012.07.20 09:18:33.974,6.93552,6.93676,2.03,2.03
2012.07.20 09:18:34.149,6.93542,6.93667,2.03,2.03
2012.07.20 09:18:34.607,6.93525,6.93652,3.15,2.03
2012.07.20 09:18:34.670,6.93525,6.93652,3.15,2.03
2012.07.20 09:18:34.845,6.93546,6.93674,2.03,2.78
2012.07.20 09:18:34.908,6.93546,6.93674,2.03,2.03
2012.07.20 09:18:36.686,6.9357,6.93694,2.03,1.50
2012.07.20 09:18:36.752,6.93575,6.93695,2.03,2.03
2012.07.20 09:18:36.930,6.93575,6.93701,2.03,2.78
2012.07.20 09:18:37.331,6.93574,6.93701,2.03,2.78
2012.07.20 09:18:37.964,6.93559,6.93687,2.03,2.03
2012.07.20 09:18:39.396,6.93559,6.93687,2.03,2.78
2012.07.20 09:18:41.005,6.93559,6.93687,2.78,2.03
2012.07.20 09:18:41.442,6.93602,6.93727,2.03,2.78
2012.07.20 09:18:41.891,6.93602,6.93727,2.03,2.78
2012.07.20 09:18:41.956,6.9362,6.93743,2.03,1.50
2012.07.20 09:18:42.135,6.93644,6.93763,2.03,1.50
2012.07.20 09:18:42.863,6.93644,6.93769,2.03,2.78
2012.07.20 09:18:44.254,6.93619,6.93743,2.03,2.03
2012.07.20 09:18:45.043,6.93618,6.93743,2.03,2.03
2012.07.20 09:18:54.292,6.93594,6.93721,2.78,2.03
2012.07.20 09:18:54.412,6.93594,6.93721,2.78,2.03
2012.07.20 09:18:57.029,6.93594,6.93721,2.78,2.03
2012.07.20 09:18:57.520,6.93614,6.93739,2.03,2.03
2012.07.20 09:18:57.967,6.93614,6.93739,2.03,2.78
2012.07.20 09:18:58.087,6.93597,6.93724,2.03,2.03
2012.07.20 09:18:58.319,6.93587,6.93704,2.58,2.03
2012.07.20 09:19:01.903,6.93604,6.93729,2.03,4.05
2012.07.20 09:19:04.701,6.93604,6.93729,2.03,2.78
2012.07.20 09:19:05.050,6.93567,6.93667,2.58,2.03
2012.07.20 09:19:05.113,6.93567,6.93667,1.83,2.03
2012.07.20 09:19:06.466,6.93538,6.93667,2.58,2.03
2012.07.20 09:19:06.586,6.93538,6.93651,2.58,2.03
2012.07.20 09:19:06.694,6.93542,6.93667,2.78,2.03
2012.07.20 09:19:08.084,6.93565,6.9369,2.03,2.03
2012.07.20 09:19:10.734,6.93542,6.93667,2.78,2.03
2012.07.20 09:19:11.080,6.93538,6.93653,2.58,2.03
2012.07.20 09:19:11.318,6.93538,6.93646,2.58,2.03
2012.07.20 09:19:13.244,6.93538,6.93657,2.58,2.03
2012.07.20 09:19:15.733,6.93545,6.93672,2.03,2.03
2012.07.20 09:19:16.343,6.93545,6.93672,2.78,2.03
2012.07.20 09:19:16.464,6.93583,6.93696,2.03,2.03
2012.07.20 09:19:16.644,6.93583,6.9371,2.03,2.03
2012.07.20 09:19:16.822,6.93587,6.9371,1.50,2.03
2012.07.20 09:19:17.128,6.93616,6.9371,2.03,2.03
2012.07.20 09:19:17.421,6.9364,6.93766,2.03,2.78
2012.07.20 09:19:17.616,6.9364,6.93766,2.03,2.78
2012.07.20 09:19:18.391,6.93624,6.9375,2.03,2.78
2012.07.20 09:19:21.188,6.93609,6.93734,2.03,2.03
2012.07.20 09:19:21.737,6.9361,6.93736,2.03,2.78
2012.07.20 09:19:21.801,6.93593,6.93718,2.03,2.78
2012.07.20 09:19:22.952,6.93593,6.93702,2.03,1.50
2012.07.20 09:19:23.072,6.93568,6.93672,2.03,2.03
2012.07.20 09:19:23.276,6.93545,6.93672,2.78,2.03
2012.07.20 09:19:23.509,6.93596,6.93696,2.03,2.78
2012.07.20 09:19:23.861,6.93596,6.93706,2.03,1.50
2012.07.20 09:19:24.152,6.93567,6.93689,1.83,2.78
2012.07.20 09:19:24.469,6.93567,6.93689,1.83,2.78
2012.07.20 09:19:24.818,6.93582,6.93706,2.03,1.50
2012.07.20 09:19:24.882,6.93602,6.93716,2.03,1.50
2012.07.20 09:19:25.238,6.93595,6.93717,4.05,1.50
2012.07.20 09:19:25.359,6.93595,6.93704,2.03,1.13
2012.07.20 09:19:25.424,6.93579,6.93704,2.03,1.13
2012.07.20 09:19:25.659,6.93579,6.93692,2.03,1.50
2012.07.20 09:19:26.350,6.9356,6.93677,2.03,1.50
2012.07.20 09:19:26.417,6.93537,6.93651,1.83,2.03
2012.07.20 09:19:27.509,6.9355,6.93677,2.03,3.53
2012.07.20 09:19:28.103,6.9355,6.93677,2.40,3.53
2012.07.20 09:19:28.223,6.9355,6.93677,2.40,2.78
2012.07.20 09:19:28.401,6.93584,6.93701,2.03,2.78
2012.07.20 09:19:28.580,6.93563,6.93689,2.03,2.78
2012.07.20 09:19:29.010,6.93563,6.93683,2.03,1.50
2012.07.20 09:19:29.547,6.93582,6.93707,2.03,3.53
2012.07.20 09:19:29.956,6.93582,6.93703,2.03,1.50
2012.07.20 09:19:32.559,6.93563,6.9369,2.03,2.78
2012.07.20 09:19:34.998,6.93587,6.93692,2.03,1.50
2012.07.20 09:19:40.771,6.93563,6.93682,2.03,1.50
2012.07.20 09:19:40.833,6.93558,6.93682,2.03,1.50
2012.07.20 09:19:41.013,6.93541,6.93667,2.03,2.03
2012.07.20 09:19:41.208,6.93565,6.93682,2.03,1.50
2012.07.20 09:19:41.734,6.93565,6.93682,2.03,1.50
2012.07.20 09:19:41.797,6.93565,6.93682,2.03,1.50
2012.07.20 09:19:41.861,6.93581,6.93682,2.03,1.50
2012.07.20 09:19:42.040,6.93581,6.93706,2.03,2.78
2012.07.20 09:19:42.228,6.93578,6.93705,2.03,2.78
2012.07.20 09:19:42.715,6.93561,6.93689,2.03,2.78
2012.07.20 09:19:43.212,6.93557,6.93684,2.03,2.78
2012.07.20 09:19:43.275,6.93557,6.93684,2.03,2.78
2012.07.20 09:19:46.179,6.93579,6.93692,2.03,1.50
2012.07.20 09:19:46.505,6.93579,6.93699,2.03,1.50
2012.07.20 09:19:46.626,6.936,6.93702,2.03,1.50
2012.07.20 09:19:46.691,6.93586,6.93702,2.03,1.50
2012.07.20 09:19:46.754,6.93577,6.93696,2.03,2.78
2012.07.20 09:19:46.818,6.93571,6.93696,2.03,2.78
2012.07.20 09:19:46.940,6.93571,6.93682,2.03,1.50
2012.07.20 09:19:47.003,6.93546,6.93673,2.03,2.78
2012.07.20 09:19:47.518,6.93545,6.93673,2.03,2.78
2012.07.20 09:19:48.168,6.93531,6.93658,2.03,2.03
2012.07.20 09:19:49.146,6.93531,6.93658,2.03,2.78
2012.07.20 09:19:49.266,6.93531,6.93658,2.03,2.03
2012.07.20 09:19:49.442,6.93554,6.93672,2.03,1.50
2012.07.20 09:19:50.047,6.93537,6.93663,2.03,2.03
2012.07.20 09:19:50.224,6.93537,6.93663,2.03,2.78
2012.07.20 09:19:50.571,6.93537,6.93663,2.03,2.78
2012.07.20 09:19:50.692,6.93537,6.93663,2.03,2.78
2012.07.20 09:19:50.813,6.93523,6.93648,2.03,2.03
2012.07.20 09:19:51.015,6.93509,6.93634,2.78,2.03
2012.07.20 09:19:51.136,6.93509,6.93634,2.03,2.03
2012.07.20 09:19:51.325,6.93501,6.93611,1.50,2.03
2012.07.20 09:19:51.564,6.93509,6.93634,2.03,2.03
2012.07.20 09:19:51.958,6.93516,6.93642,2.03,2.03
2012.07.20 09:19:52.078,6.93511,6.93638,2.03,2.03
2012.07.20 09:19:52.141,6.93511,6.93638,2.78,2.03
2012.07.20 09:19:52.261,6.93532,6.9366,2.03,2.78
2012.07.20 09:19:52.324,6.93518,6.93643,2.03,2.03
2012.07.20 09:19:53.116,6.93518,6.93645,2.03,2.03
2012.07.20 09:19:55.416,6.93548,6.93675,2.03,2.78
2012.07.20 09:19:56.677,6.93564,6.93693,2.03,1.50
2012.07.20 09:20:01.529,6.93564,6.93693,2.03,1.50
2012.07.20 09:20:01.603,6.93576,6.93711,2.03,2.78
2012.07.20 09:20:01.920,6.93594,6.93726,2.03,2.78
2012.07.20 09:20:02.304,6.93611,6.93736,2.03,2.78
2012.07.20 09:20:02.367,6.93611,6.93736,2.03,2.78
2012.07.20 09:20:02.487,6.93611,6.93736,2.03,2.78
2012.07.20 09:20:02.669,6.93591,6.93718,2.03,2.03
2012.07.20 09:20:02.732,6.93568,6.93695,4.80,2.03
2012.07.20 09:20:02.797,6.93568,6.93695,2.03,2.03
2012.07.20 09:20:02.920,6.93568,6.93695,2.03,2.78
2012.07.20 09:20:03.269,6.93549,6.93676,2.03,2.78
2012.07.20 09:20:03.389,6.93533,6.93659,2.03,2.03
2012.07.20 09:20:03.509,6.93556,6.93681,2.03,2.78
2012.07.20 09:20:03.628,6.9354,6.93667,2.03,2.03
2012.07.20 09:20:03.694,6.9354,6.93667,2.78,2.03
2012.07.20 09:20:03.758,6.93563,6.93688,2.03,2.03
2012.07.20 09:20:03.937,6.93542,6.93667,2.78,2.03
2012.07.20 09:20:04.282,6.93542,6.93667,2.03,2.03
2012.07.20 09:20:04.605,6.93542,6.93667,2.40,2.03
2012.07.20 09:20:04.953,6.93596,6.93721,2.03,2.78
2012.07.20 09:20:05.015,6.93579,6.93705,2.03,2.78
2012.07.20 09:20:05.077,6.93579,6.93705,2.03,2.03
2012.07.20 09:20:05.140,6.93601,6.93723,2.03,1.50
2012.07.20 09:20:05.607,6.93582,6.93707,2.03,2.78
2012.07.20 09:20:05.903,6.93557,6.93684,2.78,2.03
2012.07.20 09:20:05.967,6.93557,6.93684,2.03,2.03
2012.07.20 09:20:06.321,6.93557,6.93683,2.03,1.50
2012.07.20 09:20:06.701,6.93544,6.93665,1.50,2.03
2012.07.20 09:20:06.933,6.93593,6.93718,2.03,2.78
2012.07.20 09:20:08.966,6.93575,6.93702,2.03,2.03
2012.07.20 09:20:11.118,6.93541,6.93663,1.50,2.03
2012.07.20 09:20:11.182,6.93558,6.93685,2.03,2.03
2012.07.20 09:20:11.302,6.93592,6.93702,2.03,1.50
2012.07.20 09:20:11.534,6.93575,6.937,2.03,2.78
2012.07.20 09:20:11.677,6.93575,6.937,2.03,2.03
2012.07.20 09:20:14.575,6.9359,6.93715,2.03,2.78
2012.07.20 09:20:15.944,6.9359,6.93715,2.03,2.03
2012.07.20 09:20:16.460,6.93571,6.93696,2.03,2.03
2012.07.20 09:20:17.308,6.93555,6.93678,1.50,2.03
2012.07.20 09:20:17.978,6.93576,6.93703,2.03,2.78
2012.07.20 09:20:18.324,6.93591,6.93718,2.78,2.78
2012.07.20 09:20:18.444,6.93591,6.93718,2.78,2.03
2012.07.20 09:20:18.509,6.93654,6.93763,2.03,1.13
2012.07.20 09:20:18.863,6.93654,6.93745,2.03,1.50
2012.07.20 09:20:19.161,6.93616,6.93741,2.03,2.78
2012.07.20 09:20:19.774,6.9363,6.93745,2.03,1.50
2012.07.20 09:20:19.952,6.9361,6.93737,2.03,2.78
2012.07.20 09:20:20.083,6.93589,6.93714,2.03,2.03
2012.07.20 09:20:20.322,6.93606,6.93733,2.03,2.78
2012.07.20 09:20:20.442,6.93589,6.93714,2.03,2.03
2012.07.20 09:20:20.506,6.93609,6.93735,2.03,2.78
2012.07.20 09:20:23.821,6.93609,6.93735,2.03,2.03
2012.07.20 09:20:24.083,6.93609,6.93735,2.03,2.78
2012.07.20 09:20:25.349,6.93594,6.93719,2.03,2.78
2012.07.20 09:20:25.526,6.9357,6.93698,2.78,2.03
2012.07.20 09:20:26.704,6.93585,6.93712,2.03,2.03
2012.07.20 09:20:31.195,6.93585,6.93712,3.53,2.03
2012.07.20 09:20:31.506,6.93602,6.93729,2.03,2.03
2012.07.20 09:20:31.569,6.93609,6.93736,2.03,2.78
2012.07.20 09:20:31.935,6.93609,6.93736,2.03,2.03
2012.07.20 09:20:32.643,6.93587,6.93714,3.53,2.03
2012.07.20 09:20:32.706,6.93587,6.93714,2.78,2.03
2012.07.20 09:20:49.825,6.93566,6.93693,3.53,2.03
2012.07.20 09:20:51.208,6.93566,6.93693,3.53,2.03
2012.07.20 09:20:51.498,6.93566,6.93693,3.53,2.03
2012.07.20 09:20:51.938,6.93566,6.93693,3.53,2.03
2012.07.20 09:20:52.158,6.93566,6.93693,3.53,2.03
2012.07.20 09:20:52.927,6.93566,6.93693,3.53,2.03
2012.07.20 09:20:53.147,6.93566,6.93693,3.53,2.03
2012.07.20 09:20:55.681,6.93591,6.93719,2.03,2.78
2012.07.20 09:21:09.012,6.93609,6.93736,2.03,2.78
2012.07.20 09:21:17.986,6.93594,6.93719,2.03,2.03
2012.07.20 09:21:23.643,6.93577,6.93704,2.03,2.03
2012.07.20 09:21:24.200,6.93593,6.93718,2.03,2.03
2012.07.20 09:21:24.508,6.9359,6.93715,2.03,2.03
2012.07.20 09:21:24.878,6.93573,6.93698,2.78,2.03
2012.07.20 09:21:26.847,6.93573,6.93698,2.03,2.03
2012.07.20 09:21:27.358,6.93554,6.9367,1.50,2.03
2012.07.20 09:21:27.536,6.93549,6.93654,2.03,2.03
2012.07.20 09:21:27.657,6.93526,6.93632,1.50,2.03
2012.07.20 09:21:27.951,6.93532,6.93656,2.78,2.03
2012.07.20 09:21:28.016,6.93532,6.93658,2.78,2.03
2012.07.20 09:21:28.192,6.93551,6.93676,2.03,2.78
2012.07.20 09:21:28.430,6.93551,6.93676,2.03,2.03
2012.07.20 09:21:28.933,6.93552,6.93679,2.78,2.03
2012.07.20 09:21:29.251,6.93572,6.93699,2.03,2.78
2012.07.20 09:21:29.603,6.93544,6.93666,1.50,2.03
2012.07.20 09:21:29.723,6.93541,6.93666,2.03,2.03
2012.07.20 09:21:29.844,6.93532,6.93647,1.50,2.03
2012.07.20 09:21:29.906,6.9354,6.93667,2.03,2.03
2012.07.20 09:21:30.028,6.93532,6.93651,1.50,2.03
2012.07.20 09:21:30.148,6.9355,6.93675,2.03,2.03
2012.07.20 09:21:30.211,6.9355,6.93677,2.03,2.03
2012.07.20 09:21:30.840,6.93533,6.93658,2.78,2.03
2012.07.20 09:21:31.190,6.9354,6.93668,2.03,2.78
2012.07.20 09:21:31.254,6.93524,6.93651,2.03,2.78
2012.07.20 09:21:31.502,6.9354,6.93663,2.03,1.50
2012.07.20 09:21:31.946,6.9354,6.93649,2.03,1.50
2012.07.20 09:21:32.298,6.9354,6.93649,2.03,1.50
2012.07.20 09:21:34.245,6.9354,6.93649,2.03,1.50
2012.07.20 09:21:35.478,6.9354,6.93649,2.03,1.50
2012.07.20 09:21:35.597,6.9354,6.93649,2.03,1.50
2012.07.20 09:21:35.718,6.93524,6.93649,2.03,1.50
2012.07.20 09:21:35.839,6.93509,6.93627,2.03,1.50
2012.07.20 09:21:36.083,6.93509,6.93627,2.03,1.50
2012.07.20 09:21:36.433,6.93463,6.93586,2.03,1.50
2012.07.20 09:21:36.751,6.93463,6.93558,2.03,2.78
2012.07.20 09:21:36.815,6.93442,6.93558,2.78,2.78
2012.07.20 09:21:36.936,6.93449,6.93576,2.03,2.78
2012.07.20 09:21:37.066,6.93449,6.93576,2.03,2.78
2012.07.20 09:21:37.419,6.93437,6.93559,1.83,2.78
2012.07.20 09:21:37.484,6.93437,6.93559,1.83,2.78
2012.07.20 09:21:37.548,6.93458,6.93583,2.03,2.78
2012.07.20 09:21:37.611,6.93458,6.93583,2.03,2.78
2012.07.20 09:21:37.936,6.93458,6.93583,2.03,2.03
2012.07.20 09:21:38.114,6.93464,6.93591,2.03,2.78
2012.07.20 09:21:39.402,6.9348,6.93575,2.03,1.50
2012.07.20 09:21:39.466,6.9348,6.93575,2.03,1.50
2012.07.20 09:21:41.381,6.93477,6.93572,2.03,1.50
2012.07.20 09:21:42.767,6.93477,6.93585,2.03,1.50
2012.07.20 09:21:42.833,6.93494,6.93585,2.03,1.50
2012.07.20 09:21:42.898,6.93494,6.93593,2.03,1.50
2012.07.20 09:21:42.963,6.9351,6.93593,2.03,1.50
2012.07.20 09:21:43.027,6.9351,6.93595,2.03,1.50
2012.07.20 09:21:43.090,6.9351,6.93603,2.03,1.50
2012.07.20 09:21:43.356,6.9351,6.93603,2.03,1.50
2012.07.20 09:21:44.591,6.93467,6.93572,1.83,1.50
2012.07.20 09:21:44.785,6.93467,6.93572,1.83,1.50
2012.07.20 09:21:45.019,6.93476,6.93581,2.03,1.50
2012.07.20 09:21:45.198,6.93478,6.93592,2.03,1.50
2012.07.20 09:21:45.512,6.93501,6.93592,2.03,1.50
2012.07.20 09:21:45.575,6.93485,6.93572,2.03,1.50
2012.07.20 09:21:46.068,6.93485,6.93572,2.03,1.50
2012.07.20 09:21:47.007,6.93485,6.93566,2.03,1.50
2012.07.20 09:21:47.727,6.9347,6.93566,2.03,1.50
2012.07.20 09:21:47.792,6.93467,6.93566,1.83,3.53
2012.07.20 09:21:48.031,6.93407,6.93507,2.58,1.50
2012.07.20 09:21:48.094,6.93407,6.93507,2.58,1.50
2012.07.20 09:21:48.215,6.93396,6.93507,2.78,1.50
2012.07.20 09:21:48.278,6.93396,6.93507,2.78,1.50
2012.07.20 09:21:48.455,6.93396,6.93495,2.03,1.50
2012.07.20 09:21:48.977,6.93378,6.93494,1.83,1.50
2012.07.20 09:21:49.041,6.93378,6.93494,1.83,1.50
2012.07.20 09:21:49.395,6.93378,6.93494,1.83,1.50
2012.07.20 09:21:49.458,6.93386,6.93494,2.03,1.50
2012.07.20 09:21:49.790,6.93404,6.93494,2.03,1.50
2012.07.20 09:21:50.033,6.93383,6.93494,2.03,1.50
2012.07.20 09:21:50.347,6.934,6.93494,2.03,1.50
2012.07.20 09:21:51.653,6.934,6.93493,2.03,1.50
2012.07.20 09:21:51.716,6.934,6.93492,2.03,1.50
2012.07.20 09:21:52.174,6.9333,6.93457,2.03,2.78
2012.07.20 09:21:52.814,6.9333,6.93457,2.03,3.53
2012.07.20 09:21:53.304,6.9333,6.93457,2.78,3.53
2012.07.20 09:21:53.375,6.93379,6.93504,2.03,2.78
2012.07.20 09:21:53.724,6.93407,6.93512,2.03,1.50
2012.07.20 09:21:53.844,6.93392,6.93519,2.03,2.78
2012.07.20 09:21:53.964,6.93352,6.93494,2.03,2.03
2012.07.20 09:21:54.054,6.93361,6.93503,2.03,2.78
2012.07.20 09:21:54.374,6.9335,6.93478,1.50,2.03
2012.07.20 09:21:54.697,6.93348,6.93476,1.83,2.78
2012.07.20 09:21:54.761,6.93334,6.93476,2.78,2.78
2012.07.20 09:21:54.825,6.93334,6.93463,2.03,1.50
2012.07.20 09:21:55.719,6.93334,6.93439,2.03,2.03
2012.07.20 09:21:55.791,6.93297,6.93431,1.83,2.03
2012.07.20 09:21:56.120,6.93303,6.93444,2.78,2.78
2012.07.20 09:21:56.359,6.93331,6.93459,1.50,2.03
2012.07.20 09:21:56.734,6.93339,6.93459,1.13,2.03
2012.07.20 09:21:56.796,6.93339,6.93473,1.13,2.03
2012.07.20 09:21:57.309,6.93339,6.93475,1.13,2.03
2012.07.20 09:21:59.872,6.93339,6.93452,1.50,2.03
2012.07.20 09:21:59.990,6.93317,6.93452,3.33,2.03
2012.07.20 09:22:00.226,6.93317,6.93432,2.58,2.03
2012.07.20 09:22:00.914,6.93317,6.93439,1.83,2.03
2012.07.20 09:22:01.395,6.93317,6.93452,1.83,2.78
2012.07.20 09:22:01.463,6.93317,6.93452,1.83,2.03
2012.07.20 09:22:01.527,6.93317,6.9344,1.83,2.03
2012.07.20 09:22:01.767,6.93317,6.93453,1.83,2.03
2012.07.20 09:22:01.830,6.93317,6.93453,1.83,2.78
2012.07.20 09:22:02.148,6.93317,6.93439,1.83,2.03
2012.07.20 09:22:03.875,6.93321,6.93452,2.03,1.50
2012.07.20 09:22:03.994,6.93317,6.93434,1.83,2.03
2012.07.20 09:22:04.635,6.93317,6.9345,1.83,2.78
2012.07.20 09:22:04.864,6.93322,6.93452,2.03,1.50
2012.07.20 09:22:04.982,6.93317,6.93446,1.83,2.03
2012.07.20 09:22:05.100,6.9332,6.93452,2.03,1.50
2012.07.20 09:22:05.218,6.93317,6.93445,1.83,2.03
2012.07.20 09:22:05.337,6.9332,6.93463,2.03,1.50
2012.07.20 09:22:05.399,6.93317,6.93447,1.83,2.03
2012.07.20 09:22:05.919,6.93317,6.93446,1.83,2.03
2012.07.20 09:22:06.352,6.93317,6.93446,2.58,2.03
2012.07.20 09:22:06.547,6.93355,6.93496,2.03,2.78
2012.07.20 09:22:06.781,6.93336,6.93472,1.50,2.03
2012.07.20 09:22:08.421,6.93333,6.93472,1.13,2.03
2012.07.20 09:22:09.464,6.93347,6.93486,2.03,2.78
2012.07.20 09:22:12.430,6.93347,6.93486,2.78,2.78
2012.07.20 09:22:12.568,6.93354,6.93486,1.50,2.03
2012.07.20 09:22:12.631,6.93353,6.93496,2.78,2.03
2012.07.20 09:22:12.750,6.93353,6.93496,2.03,2.03
2012.07.20 09:22:12.868,6.93347,6.93476,2.58,2.03
2012.07.20 09:22:12.989,6.93347,6.93474,1.83,2.03
2012.07.20 09:22:13.220,6.93349,6.9349,2.03,2.78
2012.07.20 09:22:13.340,6.93347,6.93478,1.83,2.03
2012.07.20 09:22:15.025,6.93356,6.93497,2.03,2.78
2012.07.20 09:22:15.200,6.93356,6.93497,2.03,2.03
2012.07.20 09:22:15.262,6.93371,6.9351,2.03,2.78
2012.07.20 09:22:16.604,6.93355,6.93499,2.03,2.78
2012.07.20 09:22:17.221,6.93378,6.93516,2.03,2.78
2012.07.20 09:22:17.990,6.9336,6.93504,2.03,2.78
2012.07.20 09:22:20.638,6.93376,6.93517,2.03,2.78
2012.07.20 09:22:23.224,6.93376,6.93513,2.03,1.50
2012.07.20 09:22:23.342,6.93357,6.93498,2.03,2.78
2012.07.20 09:22:24.969,6.93347,6.93458,2.58,2.03
2012.07.20 09:22:25.320,6.93315,6.93458,2.78,2.78
2012.07.20 09:22:25.610,6.93315,6.93433,2.78,2.03
2012.07.20 09:22:25.677,6.93298,6.9341,2.58,2.03
2012.07.20 09:22:25.795,6.93298,6.9341,2.58,2.03
2012.07.20 09:22:26.046,6.93298,6.93436,2.58,2.03
2012.07.20 09:22:26.691,6.93309,6.93451,2.03,2.03
2012.07.20 09:22:28.139,6.93309,6.93451,2.03,2.78
2012.07.20 09:22:28.258,6.93298,6.93437,2.58,2.03
2012.07.20 09:22:28.750,6.93309,6.93445,2.03,1.50
2012.07.20 09:22:28.979,6.93309,6.93452,2.03,3.53
2012.07.20 09:22:29.041,6.93298,6.93437,2.58,2.03
2012.07.20 09:22:34.848,6.93319,6.93458,2.03,2.78
2012.07.20 09:22:36.109,6.93302,6.93445,2.03,2.78
2012.07.20 09:22:36.569,6.93298,6.93429,2.58,2.03
2012.07.20 09:22:36.914,6.93298,6.93418,1.83,2.03
2012.07.20 09:22:37.247,6.93298,6.93394,1.83,2.03
2012.07.20 09:22:38.277,6.93298,6.93394,1.83,2.78
2012.07.20 09:22:38.341,6.93253,6.93394,2.78,2.78
2012.07.20 09:22:39.164,6.93298,6.93376,1.83,2.03
2012.07.20 09:22:39.235,6.93311,6.93446,2.03,1.50
2012.07.20 09:22:39.469,6.93298,6.93447,1.83,2.78
2012.07.20 09:22:39.589,6.93298,6.93423,1.83,2.03
2012.07.20 09:22:42.599,6.93298,6.93442,1.83,2.78
2012.07.20 09:22:42.716,6.93298,6.93442,1.83,2.78
2012.07.20 09:22:43.293,6.93305,6.93453,2.03,1.50
2012.07.20 09:22:43.412,6.93298,6.93443,1.83,2.78
2012.07.20 09:22:43.475,6.93291,6.93443,2.03,2.78
2012.07.20 09:22:43.996,6.93291,6.93443,2.03,2.78
2012.07.20 09:22:44.172,6.93291,6.93443,2.03,2.78
2012.07.20 09:22:44.390,6.93311,6.93448,2.03,1.50
2012.07.20 09:22:44.509,6.93311,6.93448,2.03,1.50
2012.07.20 09:22:44.685,6.93324,6.93457,2.03,1.50
2012.07.20 09:22:45.037,6.93324,6.93466,2.03,1.50
2012.07.20 09:22:45.311,6.93306,6.93458,2.03,2.78
2012.07.20 09:22:45.878,6.933,6.93452,2.03,1.50
2012.07.20 09:22:46.850,6.93315,6.93453,2.03,1.50
2012.07.20 09:22:47.067,6.93299,6.93442,2.03,1.50
2012.07.20 09:22:47.642,6.93328,6.93462,1.83,1.50
2012.07.20 09:22:48.148,6.93339,6.9348,2.03,2.78
2012.07.20 09:22:48.210,6.93339,6.9348,2.03,2.78
2012.07.20 09:22:49.825,6.93346,6.93492,2.03,1.50
2012.07.20 09:22:51.939,6.9333,6.93476,2.03,2.78
2012.07.20 09:22:55.023,6.93328,6.93462,1.83,2.78
2012.07.20 09:23:05.521,6.93335,6.93476,2.03,2.78
2012.07.20 09:23:05.883,6.93335,6.93476,2.03,2.78
2012.07.20 09:23:07.316,6.93335,6.93474,2.78,1.13
2012.07.20 09:23:11.135,6.93351,6.9348,2.78,1.13
2012.07.20 09:23:11.783,6.93351,6.93476,2.03,1.13
2012.07.20 09:23:12.756,6.93335,6.93476,2.78,1.13
2012.07.20 09:23:13.048,6.9335,6.93477,1.50,2.78
2012.07.20 09:23:13.111,6.93355,6.93495,1.50,2.78
2012.07.20 09:23:13.175,6.93355,6.93495,1.50,2.78
2012.07.20 09:23:13.604,6.93367,6.93495,2.58,2.03
2012.07.20 09:23:13.678,6.93376,6.93532,4.80,1.13
2012.07.20 09:23:23.261,6.93367,6.93498,2.58,2.78
2012.07.20 09:23:23.326,6.93349,6.93495,1.50,1.50
2012.07.20 09:23:23.389,6.93349,6.93498,1.50,2.78
2012.07.20 09:23:23.680,6.9339,6.93532,1.50,2.03
2012.07.20 09:23:23.744,6.9339,6.93532,1.50,2.40
2012.07.20 09:23:23.807,6.93392,6.93531,2.78,1.13
2012.07.20 09:23:26.536,6.93367,6.93524,2.58,1.13
2012.07.20 09:23:30.210,6.93367,6.93512,1.83,1.50
2012.07.20 09:23:30.744,6.93378,6.93525,2.58,1.13
2012.07.20 09:23:30.811,6.9335,6.93476,1.50,1.13
2012.07.20 09:23:30.931,6.93332,6.93476,2.78,1.13
2012.07.20 09:23:32.650,6.93377,6.93476,1.83,1.13
2012.07.20 09:23:32.771,6.93331,6.93476,1.50,1.13
2012.07.20 09:23:33.007,6.93377,6.93476,1.83,1.13
2012.07.20 09:23:33.188,6.93328,6.93447,1.50,2.03
2012.07.20 09:23:33.252,6.93343,6.93456,1.13,2.03
2012.07.20 09:23:33.317,6.93328,6.93459,1.50,2.78
2012.07.20 09:23:33.380,6.93328,6.93443,1.50,2.03
2012.07.20 09:23:33.668,6.93329,6.9346,1.50,2.03
2012.07.20 09:23:34.411,6.93336,6.93473,2.78,1.13
2012.07.20 09:23:35.740,6.93329,6.9346,1.50,2.03
2012.07.20 09:23:36.248,6.93347,6.93488,1.50,2.03
2012.07.20 09:23:37.193,6.93348,6.93473,2.58,2.03
2012.07.20 09:23:37.954,6.93348,6.93473,2.58,2.03
2012.07.20 09:23:38.467,6.93367,6.93502,2.78,1.13
2012.07.20 09:23:38.644,6.93368,6.93502,2.78,1.13
2012.07.20 09:23:38.821,6.93355,6.93491,1.50,2.03
2012.07.20 09:23:38.940,6.93355,6.93491,1.50,2.03
2012.07.20 09:23:39.116,6.93352,6.93491,2.78,2.78
2012.07.20 09:23:39.445,6.93352,6.93483,2.03,1.50
2012.07.20 09:23:39.793,6.93348,6.9347,2.21,2.03
2012.07.20 09:23:41.129,6.93348,6.9347,1.83,2.40
2012.07.20 09:23:41.476,6.93348,6.93429,1.83,2.03
2012.07.20 09:23:41.540,6.93348,6.93448,1.83,2.78
2012.07.20 09:23:41.605,6.93348,6.93448,2.58,2.78
2012.07.20 09:23:41.899,6.93307,6.93428,2.78,1.13
2012.07.20 09:23:42.022,6.93287,6.93394,2.58,2.03
2012.07.20 09:23:42.560,6.93287,6.93397,2.58,2.03
2012.07.20 09:23:42.873,6.93287,6.93397,2.58,2.03
2012.07.20 09:23:43.706,6.93287,6.93413,2.58,2.03
2012.07.20 09:23:43.774,6.93287,6.93429,4.61,2.78
2012.07.20 09:23:45.808,6.93287,6.9341,2.58,2.03
2012.07.20 09:23:47.501,6.93287,6.9341,2.58,2.78
2012.07.20 09:23:47.625,6.93287,6.9341,2.58,2.03
2012.07.20 09:23:47.688,6.93287,6.9341,2.58,2.03
2012.07.20 09:23:47.760,6.93287,6.9341,2.58,2.78
2012.07.20 09:23:48.998,6.93287,6.93407,2.58,2.03
2012.07.20 09:23:50.921,6.93287,6.93407,2.58,2.03
2012.07.20 09:23:56.739,6.93287,6.93407,1.83,2.78
2012.07.20 09:23:56.860,6.93287,6.93392,1.83,1.50
2012.07.20 09:23:57.096,6.93265,6.93375,2.03,1.13
2012.07.20 09:23:57.727,6.93252,6.93367,2.78,1.50
2012.07.20 09:23:57.965,6.93223,6.93351,1.50,2.03
2012.07.20 09:23:58.686,6.93223,6.93339,1.50,2.03
2012.07.20 09:23:58.870,6.93223,6.93362,1.50,2.03
2012.07.20 09:23:59.941,6.9324,6.93375,2.78,1.13
2012.07.20 09:24:00.006,6.93223,6.93364,3.53,2.03
2012.07.20 09:24:00.560,6.93239,6.93379,2.78,2.78
2012.07.20 09:24:01.637,6.93239,6.93379,2.78,2.78
2012.07.20 09:24:01.700,6.93239,6.93379,2.78,2.78
2012.07.20 09:24:02.323,6.93231,6.9336,1.50,2.03
2012.07.20 09:24:02.677,6.93234,6.93375,3.53,2.03
2012.07.20 09:24:02.739,6.93234,6.93375,3.53,2.03
2012.07.20 09:24:03.051,6.93234,6.93347,2.78,2.78
2012.07.20 09:24:03.402,6.93257,6.93398,2.78,3.15
2012.07.20 09:24:04.509,6.93259,6.93388,2.78,1.13
2012.07.20 09:24:04.964,6.93241,6.93369,1.50,2.03
2012.07.20 09:24:05.607,6.93244,6.93383,2.78,2.78
2012.07.20 09:24:08.003,6.93243,6.9338,2.03,1.50
2012.07.20 09:24:08.068,6.93227,6.93342,2.21,2.78
2012.07.20 09:24:08.947,6.93225,6.93342,1.50,2.03
2012.07.20 09:24:09.241,6.93225,6.93343,1.13,2.40
2012.07.20 09:24:09.304,6.932,6.9334,2.78,1.13
2012.07.20 09:24:11.755,6.932,6.93343,2.78,2.78
2012.07.20 09:24:14.897,6.93189,6.93328,1.50,2.78
2012.07.20 09:24:15.018,6.93184,6.93305,2.78,1.13
2012.07.20 09:24:15.083,6.93171,6.93305,2.78,1.13
2012.07.20 09:24:15.317,6.93144,6.93265,1.50,2.03
2012.07.20 09:24:15.511,6.93144,6.93279,1.50,2.78
2012.07.20 09:24:16.933,6.93144,6.93267,1.50,2.03
2012.07.20 09:24:18.390,6.93144,6.93267,1.50,2.78
2012.07.20 09:24:19.700,6.93144,6.93267,1.50,2.78
2012.07.20 09:24:20.736,6.93144,6.93281,1.50,2.78
2012.07.20 09:24:21.082,6.93144,6.93258,1.50,2.03
2012.07.20 09:24:21.439,6.93131,6.93258,1.50,2.03
2012.07.20 09:24:24.330,6.93135,6.93276,2.78,2.78
2012.07.20 09:24:25.535,6.93131,6.93261,1.50,2.03
2012.07.20 09:24:25.900,6.93151,6.9329,2.78,2.78
2012.07.20 09:24:26.019,6.9314,6.93274,1.50,2.78
2012.07.20 09:24:29.749,6.93132,6.93274,2.78,2.78
2012.07.20 09:24:38.840,6.93132,6.93274,2.78,2.78
2012.07.20 09:24:40.996,6.93137,6.93274,1.50,2.03
2012.07.20 09:24:41.115,6.93149,6.9329,2.78,1.13
2012.07.20 09:24:41.461,6.93168,6.93309,2.78,2.78
2012.07.20 09:24:41.756,6.93185,6.93324,2.78,1.13
2012.07.20 09:24:41.875,6.93185,6.93324,2.78,1.13
2012.07.20 09:24:42.588,6.93177,6.93311,1.50,2.03
2012.07.20 09:24:42.936,6.9317,6.93311,2.78,2.78
2012.07.20 09:24:42.999,6.9317,6.93305,2.78,1.13
2012.07.20 09:24:44.204,6.93168,6.93297,2.58,3.15
2012.07.20 09:24:44.382,6.93168,6.93278,2.58,2.03
2012.07.20 09:24:44.503,6.93168,6.93297,2.58,1.13
2012.07.20 09:24:44.566,6.93168,6.93295,2.58,1.13
2012.07.20 09:24:45.236,6.93168,6.93288,2.58,2.78
2012.07.20 09:24:45.840,6.93168,6.93288,2.58,2.78
2012.07.20 09:24:46.189,6.93186,6.93321,2.78,1.13
2012.07.20 09:24:46.251,6.93186,6.93321,2.78,1.13
2012.07.20 09:24:50.742,6.93215,6.93326,1.13,2.78
2012.07.20 09:24:50.807,6.93215,6.93326,1.13,2.78
2012.07.20 09:24:51.267,6.93215,6.93326,1.13,2.78
2012.07.20 09:24:53.189,6.93209,6.93326,1.50,2.78
2012.07.20 09:24:53.252,6.93209,6.93326,1.50,2.78
2012.07.20 09:24:53.590,6.93205,6.93334,1.50,1.13
2012.07.20 09:24:54.654,6.93201,6.93325,1.50,2.78
2012.07.20 09:24:54.891,6.93203,6.93334,3.53,1.13
2012.07.20 09:24:55.128,6.93203,6.93325,1.50,2.78
2012.07.20 09:24:55.560,6.93203,6.93334,1.50,1.13
2012.07.20 09:24:55.624,6.93203,6.93325,1.50,1.13
2012.07.20 09:24:55.687,6.93203,6.93325,1.50,1.13
2012.07.20 09:25:06.558,6.93174,6.93318,3.53,2.78
2012.07.20 09:25:06.621,6.93174,6.93318,3.53,2.78
2012.07.20 09:25:06.781,6.93174,6.93318,3.53,2.78
2012.07.20 09:25:08.488,6.93174,6.93318,3.53,2.78
2012.07.20 09:25:08.771,6.93174,6.93318,3.53,2.78
2012.07.20 09:25:09.430,6.93174,6.93318,3.53,2.78
2012.07.20 09:25:09.650,6.93174,6.93318,3.53,2.78
2012.07.20 09:25:09.795,6.93174,6.93318,3.53,2.78
2012.07.20 09:25:11.765,6.93174,6.93309,3.53,1.13
2012.07.20 09:25:12.017,6.93174,6.93304,2.03,1.50
2012.07.20 09:25:12.312,6.93137,6.93276,1.50,2.03
2012.07.20 09:25:13.061,6.93134,6.93276,2.78,2.78
2012.07.20 09:25:13.124,6.93135,6.93276,1.50,2.03
2012.07.20 09:25:13.190,6.93135,6.93276,1.50,2.03
2012.07.20 09:25:14.094,6.93134,6.93276,2.78,2.78
2012.07.20 09:25:14.213,6.93134,6.93276,2.78,2.78
2012.07.20 09:25:17.404,6.93134,6.93276,2.78,2.78
2012.07.20 09:25:17.468,6.93134,6.93276,2.78,2.78
2012.07.20 09:25:17.795,6.93134,6.93276,2.78,2.78
2012.07.20 09:25:17.915,6.93134,6.93276,2.78,2.78
2012.07.20 09:25:18.332,6.93134,6.93276,2.78,2.78
2012.07.20 09:25:19.592,6.93134,6.93276,2.78,2.78
2012.07.20 09:25:28.526,6.93138,6.93273,1.50,2.78
2012.07.20 09:25:28.588,6.93149,6.93273,1.50,2.03
2012.07.20 09:25:29.269,6.9314,6.93241,1.50,2.03
2012.07.20 09:25:29.392,6.93121,6.93263,1.50,2.78
2012.07.20 09:25:29.830,6.93116,6.93184,2.03,1.13
2012.07.20 09:25:29.897,6.93039,6.93163,1.09,2.78
2012.07.20 09:25:30.077,6.93028,6.93154,1.83,1.50
2012.07.20 09:25:30.198,6.93028,6.93153,1.83,1.50
2012.07.20 09:25:30.594,6.93028,6.93147,1.83,2.78
2012.07.20 09:25:30.714,6.93028,6.93122,1.83,2.03
2012.07.20 09:25:30.893,6.93028,6.9313,1.83,2.03
2012.07.20 09:25:31.129,6.93028,6.93143,1.83,2.03
2012.07.20 09:25:31.193,6.93028,6.93143,1.83,2.78
2012.07.20 09:25:32.356,6.93028,6.93129,1.83,2.03
2012.07.20 09:25:34.068,6.93028,6.93129,2.58,2.03
2012.07.20 09:25:34.132,6.93028,6.93147,2.58,2.78
2012.07.20 09:25:34.784,6.93028,6.93147,2.58,2.78
2012.07.20 09:25:35.112,6.93028,6.93147,2.58,2.78
2012.07.20 09:25:35.650,6.93028,6.93147,2.58,2.78
2012.07.20 09:25:35.773,6.93028,6.93147,2.58,2.78
2012.07.20 09:25:36.120,6.93028,6.93147,2.58,2.78
2012.07.20 09:25:38.190,6.93028,6.93147,2.58,2.78
2012.07.20 09:25:38.680,6.93028,6.93142,2.21,1.13
2012.07.20 09:25:39.395,6.93028,6.93123,2.21,2.03
2012.07.20 09:25:41.364,6.93028,6.93142,2.21,1.13
2012.07.20 09:25:42.294,6.93028,6.93143,2.21,1.13
2012.07.20 09:25:42.496,6.93028,6.93142,2.21,1.13
2012.07.20 09:25:45.880,6.93028,6.93135,2.21,1.50
2012.07.20 09:25:46.507,6.92999,6.93135,2.78,1.50
2012.07.20 09:25:46.631,6.92999,6.93135,2.78,1.50
2012.07.20 09:25:46.953,6.92999,6.93123,2.78,1.50
2012.07.20 09:25:47.074,6.93016,6.93123,2.40,1.50
2012.07.20 09:25:47.371,6.92985,6.93123,2.78,1.50
2012.07.20 09:25:47.664,6.92972,6.93104,1.50,2.78
2012.07.20 09:25:47.727,6.92968,6.93093,2.21,1.50
2012.07.20 09:25:47.792,6.92962,6.93081,2.25,1.13
2012.07.20 09:25:48.432,6.92961,6.93083,2.78,1.50
2012.07.20 09:25:48.782,6.92947,6.93078,2.58,2.03
2012.07.20 09:25:49.136,6.92947,6.93078,2.58,2.78
2012.07.20 09:25:49.726,6.92947,6.93078,2.58,2.78
2012.07.20 09:25:49.848,6.92947,6.93051,2.58,2.03
2012.07.20 09:25:52.004,6.92947,6.93051,2.58,2.03
2012.07.20 09:25:53.214,6.92947,6.93051,2.58,2.03
2012.07.20 09:25:53.333,6.92947,6.93061,1.83,1.50
2012.07.20 09:25:53.398,6.92947,6.93048,1.83,2.03
2012.07.20 09:25:53.631,6.92908,6.93048,1.50,2.78
2012.07.20 09:25:53.694,6.92908,6.93048,1.50,2.03
2012.07.20 09:25:54.048,6.92925,6.93048,1.50,2.03
2012.07.20 09:25:54.454,6.92915,6.9304,1.50,2.03
2012.07.20 09:25:54.577,6.92929,6.93061,2.78,1.50
2012.07.20 09:25:54.701,6.92937,6.93063,2.78,1.50
2012.07.20 09:25:54.764,6.92937,6.93063,2.03,1.50
2012.07.20 09:25:54.827,6.92937,6.93061,2.03,1.50
2012.07.20 09:25:54.892,6.92929,6.93061,2.03,1.50
2012.07.20 09:25:54.957,6.92929,6.93061,2.03,1.50
2012.07.20 09:25:55.135,6.92914,6.93033,2.03,2.03
2012.07.20 09:25:55.617,6.9294,6.93073,2.03,1.50
2012.07.20 09:25:56.332,6.9294,6.93072,2.03,1.50
2012.07.20 09:25:56.687,6.92923,6.93063,2.03,1.50
2012.07.20 09:25:56.750,6.92923,6.93052,2.03,1.50
2012.07.20 09:25:57.097,6.92923,6.93042,2.03,1.50
2012.07.20 09:25:57.216,6.929,6.93042,2.03,1.50
2012.07.20 09:25:57.335,6.92893,6.93025,1.50,2.03
2012.07.20 09:25:57.979,6.9289,6.93025,1.50,2.03
2012.07.20 09:25:58.098,6.929,6.93044,2.03,2.78
2012.07.20 09:25:58.286,6.929,6.93044,2.63,2.78
2012.07.20 09:25:58.638,6.92947,6.93063,1.83,2.03
2012.07.20 09:25:58.703,6.92958,6.93083,2.03,1.50
2012.07.20 09:25:58.767,6.92978,6.93083,2.03,1.50
2012.07.20 09:25:59.021,6.92964,6.93083,2.03,1.50
2012.07.20 09:25:59.757,6.92947,6.93083,3.86,1.50
2012.07.20 09:25:59.962,6.92947,6.93083,3.86,1.50
2012.07.20 09:26:02.885,6.92947,6.93083,3.86,1.50
2012.07.20 09:26:03.221,6.92947,6.93083,3.86,1.50
2012.07.20 09:26:03.533,6.92947,6.93054,1.83,2.78
2012.07.20 09:26:04.025,6.92947,6.93063,1.83,1.50
2012.07.20 09:26:05.722,6.9291,6.93043,2.03,1.50
2012.07.20 09:26:05.842,6.92928,6.93043,2.03,1.50
2012.07.20 09:26:05.906,6.92928,6.93053,2.03,1.50
2012.07.20 09:26:06.505,6.92928,6.93043,2.03,1.50
2012.07.20 09:26:06.809,6.92901,6.93043,2.78,1.50
2012.07.20 09:26:07.521,6.92901,6.93043,2.78,1.50
2012.07.20 09:26:07.584,6.92919,6.93043,2.03,1.50
2012.07.20 09:26:07.910,6.92919,6.93042,2.03,1.50
2012.07.20 09:26:08.156,6.92919,6.93042,2.03,1.50
2012.07.20 09:26:09.157,6.92919,6.93057,2.03,2.78
2012.07.20 09:26:09.221,6.92919,6.93057,2.03,2.03
2012.07.20 09:26:09.286,6.92948,6.9309,2.03,2.78
2012.07.20 09:26:09.406,6.92948,6.9309,2.03,2.78
2012.07.20 09:26:09.978,6.92948,6.93079,1.83,1.50
2012.07.20 09:26:10.193,6.92902,6.93038,1.13,2.03
2012.07.20 09:26:11.200,6.92913,6.93043,2.03,1.50
2012.07.20 09:26:12.679,6.92913,6.93043,2.03,1.50
2012.07.20 09:26:12.742,6.92895,6.93033,1.50,2.78
2012.07.20 09:26:12.806,6.92895,6.9302,1.50,2.03
2012.07.20 09:26:13.038,6.92893,6.9302,1.13,2.03
2012.07.20 09:26:13.466,6.92895,6.92995,1.50,2.03
2012.07.20 09:26:14.317,6.92893,6.92995,1.13,2.03
2012.07.20 09:26:15.186,6.92895,6.93016,1.50,2.03
2012.07.20 09:26:17.147,6.92893,6.93016,1.13,2.03
2012.07.20 09:26:17.747,6.92895,6.93016,1.50,2.03
2012.07.20 09:26:18.307,6.92893,6.93016,1.13,2.03
2012.07.20 09:26:19.629,6.92888,6.93015,2.58,2.03
2012.07.20 09:26:19.805,6.92888,6.92991,1.83,2.03
2012.07.20 09:26:20.125,6.92888,6.92991,2.21,2.03
2012.07.20 09:26:20.246,6.92891,6.93014,1.13,2.03
2012.07.20 09:26:20.367,6.92891,6.93026,1.13,2.03
2012.07.20 09:26:20.601,6.92891,6.93015,1.13,2.03
2012.07.20 09:26:22.283,6.92888,6.93015,2.21,2.03
2012.07.20 09:26:23.076,6.92888,6.93015,1.83,2.03
2012.07.20 09:26:23.312,6.92888,6.93015,1.83,2.78
2012.07.20 09:26:23.431,6.92888,6.93015,1.83,2.03
2012.07.20 09:26:23.677,6.92888,6.93015,1.83,2.78
2012.07.20 09:26:24.117,6.92888,6.93015,1.83,2.03
2012.07.20 09:26:25.352,6.92888,6.9302,1.83,2.03
2012.07.20 09:26:26.043,6.92888,6.93009,1.83,2.03
2012.07.20 09:26:34.676,6.92888,6.93005,1.83,2.03
2012.07.20 09:26:36.483,6.92888,6.93019,1.83,2.03
2012.07.20 09:26:37.675,6.92888,6.93019,2.58,2.03
2012.07.20 09:26:38.672,6.92888,6.93019,1.83,2.03
2012.07.20 09:26:39.107,6.92888,6.93019,2.58,2.03
2012.07.20 09:26:39.455,6.92971,6.93028,1.50,2.03
2012.07.20 09:26:39.518,6.92971,6.93044,1.50,2.78
2012.07.20 09:26:39.583,6.92971,6.93095,1.50,2.78
2012.07.20 09:26:39.648,6.92971,6.93095,1.50,2.03
2012.07.20 09:26:39.712,6.92971,6.93119,1.50,2.78
2012.07.20 09:26:39.835,6.92973,6.93131,2.78,1.50
2012.07.20 09:26:39.901,6.93017,6.93134,1.50,2.03
2012.07.20 09:26:39.966,6.93018,6.93134,1.83,2.03
2012.07.20 09:26:40.033,6.93018,6.93178,1.83,1.03
2012.07.20 09:26:40.156,6.92977,6.9316,2.58,2.78
2012.07.20 09:26:40.373,6.92977,6.93123,2.58,2.03
2012.07.20 09:26:40.494,6.92978,6.93123,2.58,2.03
2012.07.20 09:26:41.036,6.92978,6.93102,2.58,2.03
2012.07.20 09:26:41.392,6.9299,6.93116,1.50,2.03
2012.07.20 09:26:41.700,6.93012,6.931,1.13,2.03
2012.07.20 09:26:41.764,6.93012,6.93125,1.13,2.03
2012.07.20 09:26:41.884,6.93013,6.93156,2.40,2.78
2012.07.20 09:26:42.005,6.93028,6.93171,2.03,2.85
2012.07.20 09:26:42.311,6.93051,6.93187,2.03,1.03
2012.07.20 09:26:42.374,6.93051,6.93187,2.03,1.03
2012.07.20 09:26:42.443,6.93033,6.93174,2.03,2.85
2012.07.20 09:26:42.818,6.93033,6.93174,2.78,2.03
2012.07.20 09:26:43.112,6.93033,6.93174,2.03,2.78
2012.07.20 09:26:44.823,6.93033,6.93174,2.03,3.00
2012.07.20 09:26:45.141,6.93033,6.93143,2.03,1.15
2012.07.20 09:26:45.805,6.93027,6.93143,2.58,1.15
2012.07.20 09:26:51.187,6.93027,6.93133,2.58,1.57
2012.07.20 09:26:51.366,6.93018,6.93123,2.78,1.26
2012.07.20 09:26:51.430,6.93018,6.93135,2.03,1.14
2012.07.20 09:26:51.493,6.93018,6.93159,2.03,2.78
2012.07.20 09:26:51.940,6.93,6.93133,1.13,2.03
2012.07.20 09:26:52.060,6.92999,6.93133,1.13,2.03
2012.07.20 09:26:52.274,6.93,6.93133,1.13,2.03
2012.07.20 09:26:52.382,6.92999,6.93133,1.13,2.03
2012.07.20 09:26:52.606,6.93,6.93133,1.13,2.03
2012.07.20 09:26:53.154,6.92999,6.93133,1.13,2.03
2012.07.20 09:26:53.926,6.93002,6.93142,2.03,2.78
2012.07.20 09:26:55.133,6.92999,6.9313,1.13,2.03
2012.07.20 09:26:55.985,6.93003,6.93144,2.03,2.78
2012.07.20 09:26:58.215,6.93003,6.93138,2.03,2.03
2012.07.20 09:26:58.526,6.92973,6.93113,2.03,1.50
2012.07.20 09:26:59.221,6.92948,6.93089,4.61,2.03
2012.07.20 09:26:59.289,6.92948,6.93071,2.58,2.03
2012.07.20 09:27:00.445,6.9295,6.93092,2.78,2.03
2012.07.20 09:27:03.050,6.92967,6.93109,2.03,2.78
2012.07.20 09:27:06.581,6.92967,6.93109,2.03,2.78
2012.07.20 09:27:06.931,6.92948,6.93064,1.83,2.03
2012.07.20 09:27:07.110,6.92923,6.93064,2.78,2.03
2012.07.20 09:27:07.175,6.92923,6.93064,2.03,2.78
2012.07.20 09:27:07.535,6.92919,6.9306,2.03,2.78
2012.07.20 09:27:07.765,6.92919,6.9306,2.03,2.78
2012.07.20 09:27:07.937,6.92919,6.9306,2.78,2.78
2012.07.20 09:27:08.348,6.92929,6.93069,1.13,2.03
2012.07.20 09:27:08.541,6.9293,6.93069,1.13,2.03
2012.07.20 09:27:08.836,6.92954,6.93093,2.03,2.78
2012.07.20 09:27:13.241,6.92948,6.93065,1.83,2.03
2012.07.20 09:27:13.532,6.92957,6.93098,2.03,2.78
2012.07.20 09:27:14.033,6.92957,6.93098,2.03,2.78
2012.07.20 09:27:15.415,6.92957,6.93098,2.03,2.78
2012.07.20 09:27:15.589,6.92957,6.93098,2.03,2.78
2012.07.20 09:27:15.900,6.92963,6.93106,2.03,2.78
2012.07.20 09:27:16.289,6.92948,6.93089,3.86,2.78
2012.07.20 09:27:16.525,6.92948,6.93089,4.61,2.03
2012.07.20 09:27:16.742,6.92948,6.93089,3.86,2.03
2012.07.20 09:27:16.958,6.92963,6.93104,2.03,2.78
2012.07.20 09:27:17.384,6.92948,6.9309,1.83,2.78
2012.07.20 09:27:20.881,6.92961,6.93105,2.03,2.78
2012.07.20 09:27:23.503,6.92948,6.93088,1.83,2.03
2012.07.20 09:27:27.459,6.9296,6.93101,2.03,2.78
2012.07.20 09:27:27.800,6.92948,6.93086,1.83,2.78
2012.07.20 09:27:27.976,6.92929,6.9307,2.78,2.78
2012.07.20 09:27:28.095,6.92913,6.93054,2.78,2.03
2012.07.20 09:27:28.424,6.9293,6.93073,2.03,2.78
2012.07.20 09:27:28.570,6.92912,6.93053,1.50,2.03
2012.07.20 09:27:28.689,6.92931,6.93072,2.03,2.78
2012.07.20 09:27:28.865,6.92914,6.93056,2.78,2.03
2012.07.20 09:27:28.984,6.92931,6.93072,2.03,2.78
2012.07.20 09:27:29.206,6.92915,6.93056,2.78,2.03
2012.07.20 09:27:29.326,6.9293,6.93073,2.03,2.78
2012.07.20 09:27:29.587,6.92916,6.93057,2.78,2.03
2012.07.20 09:27:29.973,6.92935,6.93073,2.03,2.78
2012.07.20 09:27:30.092,6.9292,6.93061,2.78,2.78
2012.07.20 09:27:31.524,6.9292,6.93061,3.53,2.03
2012.07.20 09:27:37.532,6.92921,6.93061,1.50,2.03
