2015.11.06 14:00:00.016,8.72595,8.72813,1.00,1.00
2015.11.06 14:00:00.352,8.72603,8.72813,1.00,1.00
2015.11.06 14:00:00.665,8.72676,8.72888,1.00,1.00
2015.11.06 14:00:00.716,8.72656,8.72862,1.00,1.00
2015.11.06 14:00:00.891,8.72644,8.72862,1.00,1.00
2015.11.06 14:00:03.968,8.72656,8.72862,1.00,1.00
2015.11.06 14:00:04.119,8.72693,8.72911,1.00,1.00
2015.11.06 14:00:05.534,8.72708,8.72911,1.00,1.00
2015.11.06 14:00:05.584,8.72734,8.72944,1.00,1.00
2015.11.06 14:00:05.685,8.72734,8.72952,1.00,1.00
2015.11.06 14:00:06.286,8.72748,8.72952,1.00,1.00
2015.11.06 14:00:06.488,8.72774,8.72993,1.00,1.00
2015.11.06 14:00:07.030,8.72784,8.72993,1.00,1.00
2015.11.06 14:00:07.300,8.72816,8.73034,1.00,1.00
2015.11.06 14:00:08.533,8.72816,8.73031,1.00,1.00
2015.11.06 14:00:08.794,8.72782,8.73,1.00,1.00
2015.11.06 14:00:08.918,8.72822,8.73031,1.00,1.00
2015.11.06 14:00:09.111,8.72757,8.7297,1.00,1.00
2015.11.06 14:00:09.595,8.72757,8.72975,1.00,1.00
2015.11.06 14:00:09.696,8.72757,8.72963,1.00,1.00
2015.11.06 14:00:09.797,8.72725,8.72943,1.00,1.00
2015.11.06 14:00:11.276,8.72737,8.72943,1.00,1.00
2015.11.06 14:00:11.327,8.72758,8.72975,1.00,1.50
2015.11.06 14:00:11.500,8.72725,8.72943,1.00,1.00
2015.11.06 14:00:12.887,8.7273,8.72943,1.00,1.00
2015.11.06 14:00:13.209,8.72754,8.72943,1.00,1.00
2015.11.06 14:00:13.259,8.72765,8.72984,1.00,1.00
2015.11.06 14:00:13.891,8.72765,8.72967,1.00,1.00
2015.11.06 14:00:13.942,8.72738,8.72947,1.00,1.00
2015.11.06 14:00:14.043,8.72729,8.72945,1.00,1.00
2015.11.06 14:00:15.800,8.72691,8.72909,1.00,1.00
2015.11.06 14:00:16.223,8.72699,8.72909,1.00,1.00
2015.11.06 14:00:16.374,8.72674,8.72893,1.00,1.00
2015.11.06 14:00:16.657,8.72654,8.7286,1.00,1.00
2015.11.06 14:00:16.801,8.72609,8.72827,1.00,1.00
2015.11.06 14:00:17.147,8.72575,8.72754,1.00,1.00
2015.11.06 14:00:17.248,8.72575,8.72785,1.00,1.00
2015.11.06 14:00:17.299,8.72575,8.72774,1.00,1.00
2015.11.06 14:00:17.451,8.72528,8.72746,1.00,1.00
2015.11.06 14:00:18.220,8.72528,8.72729,1.00,1.00
2015.11.06 14:00:18.271,8.7249,8.72709,1.00,1.00
2015.11.06 14:00:19.786,8.7249,8.72693,1.00,1.00
2015.11.06 14:00:20.127,8.7249,8.72678,1.00,1.00
2015.11.06 14:00:20.178,8.72446,8.72662,1.00,1.00
2015.11.06 14:00:20.381,8.72453,8.72662,1.00,1.00
2015.11.06 14:00:20.483,8.72446,8.72662,1.00,1.00
2015.11.06 14:00:20.534,8.72446,8.7266,1.00,1.00
2015.11.06 14:00:20.685,8.72396,8.72614,1.00,1.00
2015.11.06 14:00:20.736,8.72396,8.72606,1.00,1.00
2015.11.06 14:00:20.787,8.72362,8.72587,1.00,1.00
2015.11.06 14:00:20.838,8.72353,8.72587,1.00,1.00
2015.11.06 14:00:21.390,8.72364,8.72587,1.00,1.00
2015.11.06 14:00:21.492,8.72392,8.72618,1.00,1.00
2015.11.06 14:00:21.593,8.72392,8.72626,1.00,1.00
2015.11.06 14:00:21.848,8.72396,8.72626,1.00,1.00
2015.11.06 14:00:21.950,8.72392,8.72626,1.00,1.00
2015.11.06 14:00:22.495,8.72428,8.72646,1.00,1.00
2015.11.06 14:00:22.545,8.72428,8.72653,1.00,1.00
2015.11.06 14:00:23.368,8.72437,8.72663,1.00,1.00
2015.11.06 14:00:23.570,8.72461,8.72691,1.00,1.00
2015.11.06 14:00:23.772,8.72501,8.72735,1.00,1.00
2015.11.06 14:00:24.925,8.72501,8.72688,1.00,1.00
2015.11.06 14:00:25.255,8.72481,8.72688,1.00,1.00
2015.11.06 14:00:25.306,8.72463,8.72688,1.00,1.00
2015.11.06 14:00:25.959,8.72463,8.72697,1.00,1.00
2015.11.06 14:00:26.060,8.7249,8.72708,1.00,1.00
2015.11.06 14:00:26.362,8.7249,8.72687,1.00,1.00
2015.11.06 14:00:27.231,8.7249,8.7267,1.00,1.00
2015.11.06 14:00:27.282,8.72459,8.7267,1.00,1.00
2015.11.06 14:00:28.047,8.72459,8.72642,1.00,1.00
2015.11.06 14:00:28.498,8.72426,8.72642,1.00,1.00
2015.11.06 14:00:28.700,8.72426,8.72599,1.00,1.00
2015.11.06 14:00:28.801,8.72399,8.72599,1.00,1.00
2015.11.06 14:00:28.852,8.72399,8.72617,1.00,1.00
2015.11.06 14:00:29.104,8.72434,8.72652,1.00,1.00
2015.11.06 14:00:29.408,8.72461,8.7268,1.00,1.00
2015.11.06 14:00:29.610,8.72494,8.72712,1.00,1.00
2015.11.06 14:00:30.467,8.72494,8.72696,1.00,1.00
2015.11.06 14:00:30.518,8.72467,8.72685,1.00,1.50
2015.11.06 14:00:31.182,8.72524,8.72696,1.00,1.00
2015.11.06 14:00:31.334,8.72524,8.72727,1.00,1.00
2015.11.06 14:00:31.385,8.72578,8.72745,1.00,1.00
2015.11.06 14:00:31.436,8.72578,8.72781,1.00,1.00
2015.11.06 14:00:31.771,8.72612,8.72809,1.00,1.00
2015.11.06 14:00:31.821,8.72612,8.72823,1.00,1.00
2015.11.06 14:00:31.872,8.72612,8.72819,1.00,1.00
2015.11.06 14:00:31.923,8.72569,8.72787,1.00,1.00
2015.11.06 14:00:32.179,8.72569,8.72785,1.00,1.00
2015.11.06 14:00:32.482,8.72539,8.72757,1.00,1.00
2015.11.06 14:00:32.634,8.72539,8.72739,1.00,1.00
2015.11.06 14:00:32.823,8.72511,8.72729,1.00,1.00
2015.11.06 14:00:33.610,8.72511,8.72719,1.00,1.00
2015.11.06 14:00:33.812,8.72477,8.72695,1.00,1.00
2015.11.06 14:00:34.067,8.72457,8.7263,1.00,1.00
2015.11.06 14:00:34.120,8.72423,8.7263,1.69,1.00
2015.11.06 14:00:34.171,8.72412,8.7263,1.00,1.00
2015.11.06 14:00:34.223,8.72392,8.72575,1.00,1.00
2015.11.06 14:00:34.324,8.72357,8.72575,1.00,1.00
2015.11.06 14:00:34.814,8.72357,8.72567,1.00,1.00
2015.11.06 14:00:34.915,8.72315,8.72533,1.00,1.00
2015.11.06 14:00:37.141,8.72315,8.72524,1.00,1.00
2015.11.06 14:00:37.692,8.72295,8.72504,1.00,1.00
2015.11.06 14:00:37.743,8.72286,8.72504,1.00,1.00
2015.11.06 14:00:38.524,8.72292,8.72504,1.00,1.00
2015.11.06 14:00:38.726,8.72343,8.72561,1.00,1.50
2015.11.06 14:00:39.511,8.72323,8.72524,1.00,1.00
2015.11.06 14:00:39.562,8.72306,8.72524,1.00,1.00
2015.11.06 14:00:39.613,8.72339,8.72557,1.00,1.00
2015.11.06 14:00:43.738,8.72339,8.7254,1.00,1.00
2015.11.06 14:00:45.324,8.72306,8.72524,1.00,1.00
2015.11.06 14:00:45.562,8.7234,8.72524,1.00,1.00
2015.11.06 14:00:45.663,8.7234,8.72557,1.00,1.00
2015.11.06 14:00:46.446,8.72339,8.72557,1.00,1.00
2015.11.06 14:00:46.740,8.72321,8.72529,1.00,1.00
2015.11.06 14:00:48.240,8.7231,8.72529,1.00,1.00
2015.11.06 14:00:48.457,8.72303,8.72512,1.00,1.00
2015.11.06 14:00:48.807,8.72306,8.72512,1.00,1.00
2015.11.06 14:00:49.155,8.72275,8.72463,1.00,1.00
2015.11.06 14:00:49.206,8.72256,8.72463,1.00,1.00
2015.11.06 14:00:50.181,8.72256,8.72441,1.00,1.00
2015.11.06 14:00:51.508,8.72248,8.72441,1.00,1.00
2015.11.06 14:00:51.767,8.72215,8.72441,1.00,1.00
2015.11.06 14:00:51.969,8.72256,8.72441,1.00,1.00
2015.11.06 14:00:52.173,8.72231,8.72441,1.00,1.00
2015.11.06 14:00:54.180,8.72233,8.72441,1.00,1.00
2015.11.06 14:00:54.308,8.72217,8.72431,1.00,1.00
2015.11.06 14:00:54.359,8.72217,8.72411,1.00,1.00
2015.11.06 14:00:54.737,8.72217,8.72415,1.00,1.00
2015.11.06 14:00:54.907,8.72199,8.72415,1.00,1.00
2015.11.06 14:00:55.127,8.72215,8.72415,1.00,1.00
2015.11.06 14:00:55.581,8.72247,8.72415,1.00,1.00
2015.11.06 14:00:55.688,8.72213,8.72415,1.00,1.00
2015.11.06 14:00:56.558,8.72233,8.72415,1.00,1.00
2015.11.06 14:00:56.779,8.72217,8.72415,1.00,1.00
2015.11.06 14:00:57.257,8.72231,8.72415,1.00,1.00
2015.11.06 14:00:57.798,8.72213,8.72415,1.00,1.00
2015.11.06 14:00:58.126,8.7224,8.72415,1.00,1.00
2015.11.06 14:00:58.246,8.72254,8.72447,1.00,1.00
2015.11.06 14:00:59.129,8.72262,8.72468,1.00,1.00
2015.11.06 14:00:59.420,8.72286,8.72468,1.00,1.00
2015.11.06 14:00:59.747,8.72302,8.7252,1.00,1.00
2015.11.06 14:01:00.510,8.72302,8.72506,1.00,1.00
2015.11.06 14:01:00.561,8.72268,8.72486,1.00,1.00
2015.11.06 14:01:00.862,8.72294,8.72486,1.00,1.00
2015.11.06 14:01:01.065,8.72305,8.72523,1.00,1.00
2015.11.06 14:01:01.217,8.72317,8.72523,1.00,1.00
2015.11.06 14:01:01.268,8.72337,8.72556,1.00,1.00
2015.11.06 14:01:01.318,8.72305,8.72523,1.00,1.00
2015.11.06 14:01:01.669,8.72309,8.72523,1.00,1.00
2015.11.06 14:01:02.707,8.72319,8.72523,1.00,1.00
2015.11.06 14:01:02.757,8.72339,8.72557,1.00,1.00
2015.11.06 14:01:02.963,8.72373,8.72557,1.00,1.00
2015.11.06 14:01:03.064,8.72386,8.72598,1.00,1.00
2015.11.06 14:01:03.115,8.72407,8.72605,1.00,1.00
2015.11.06 14:01:03.166,8.72427,8.72646,1.00,1.00
2015.11.06 14:01:03.468,8.72427,8.72643,1.00,1.00
2015.11.06 14:01:05.522,8.72427,8.7262,1.00,1.00
2015.11.06 14:01:05.825,8.72371,8.7258,1.00,1.00
2015.11.06 14:01:06.808,8.72344,8.7257,1.00,1.00
2015.11.06 14:01:09.671,8.72356,8.7257,1.00,1.00
2015.11.06 14:01:09.972,8.72487,8.72632,1.00,1.00
2015.11.06 14:01:10.023,8.72507,8.72717,1.00,1.69
2015.11.06 14:01:10.124,8.72507,8.72713,1.00,1.00
2015.11.06 14:01:10.225,8.72487,8.72694,1.00,1.00
2015.11.06 14:01:10.276,8.72479,8.72681,1.00,1.00
2015.11.06 14:01:10.327,8.72443,8.72661,1.00,1.00
2015.11.06 14:01:10.378,8.72443,8.72654,1.00,1.00
2015.11.06 14:01:10.530,8.72383,8.72601,1.00,1.00
2015.11.06 14:01:10.581,8.72383,8.7259,1.00,1.00
2015.11.06 14:01:12.827,8.72383,8.72601,1.00,1.00
2015.11.06 14:01:13.334,8.72383,8.7259,1.00,1.00
2015.11.06 14:01:13.936,8.72355,8.72573,1.00,1.00
2015.11.06 14:01:14.638,8.72355,8.7257,1.00,1.00
2015.11.06 14:01:14.940,8.72355,8.72553,1.00,1.00
2015.11.06 14:01:16.604,8.72355,8.72573,1.00,1.00
2015.11.06 14:01:17.240,8.72383,8.72577,1.00,1.00
2015.11.06 14:01:17.542,8.72318,8.7252,1.00,1.00
2015.11.06 14:01:17.593,8.72302,8.7252,1.00,1.00
2015.11.06 14:01:17.733,8.72302,8.72509,1.00,1.00
2015.11.06 14:01:18.474,8.72302,8.7252,1.00,1.00
2015.11.06 14:01:18.845,8.72302,8.72514,1.00,1.00
2015.11.06 14:01:18.946,8.72275,8.72493,1.00,1.00
2015.11.06 14:01:19.048,8.72242,8.7246,1.00,1.00
2015.11.06 14:01:21.149,8.7227,8.72477,1.00,1.00
2015.11.06 14:01:25.828,8.723,8.72477,1.00,1.00
2015.11.06 14:01:25.879,8.7232,8.7251,1.00,1.00
2015.11.06 14:01:25.930,8.7232,8.72538,1.00,1.50
2015.11.06 14:01:26.328,8.72338,8.72538,1.00,1.00
2015.11.06 14:01:26.379,8.72357,8.72575,1.00,1.00
2015.11.06 14:01:26.872,8.72357,8.72544,1.00,1.00
2015.11.06 14:01:27.862,8.72324,8.72543,1.00,1.00
2015.11.06 14:01:28.131,8.72345,8.72543,1.00,1.00
2015.11.06 14:01:28.182,8.72365,8.72564,1.00,1.00
2015.11.06 14:01:28.312,8.72365,8.72583,1.00,1.00
2015.11.06 14:01:28.363,8.72345,8.72511,1.00,1.00
2015.11.06 14:01:28.464,8.72263,8.72479,1.00,1.00
2015.11.06 14:01:28.515,8.72261,8.72479,1.00,1.00
2015.11.06 14:01:28.735,8.72274,8.72479,1.00,1.00
2015.11.06 14:01:28.786,8.72293,8.72509,1.00,1.00
2015.11.06 14:01:28.837,8.72293,8.72499,1.00,1.00
2015.11.06 14:01:28.887,8.72261,8.72479,1.00,1.00
2015.11.06 14:01:29.568,8.72261,8.72469,1.00,1.00
2015.11.06 14:01:30.798,8.72261,8.72479,1.00,1.00
2015.11.06 14:01:30.958,8.7229,8.72508,1.00,1.00
2015.11.06 14:01:31.267,8.72324,8.72512,1.00,1.00
2015.11.06 14:01:31.890,8.72324,8.72533,1.00,1.00
2015.11.06 14:01:32.382,8.72325,8.7254,1.00,1.00
2015.11.06 14:01:33.066,8.72345,8.7254,1.00,1.00
2015.11.06 14:01:33.369,8.72363,8.72554,1.00,1.00
2015.11.06 14:01:33.420,8.72363,8.72572,1.00,1.00
2015.11.06 14:01:33.471,8.72363,8.72581,1.00,1.00
2015.11.06 14:01:33.762,8.72392,8.72591,1.00,1.00
2015.11.06 14:01:33.917,8.72392,8.7261,1.00,1.00
2015.11.06 14:01:34.069,8.72392,8.72592,1.00,1.00
2015.11.06 14:01:35.019,8.72392,8.7261,1.00,1.00
2015.11.06 14:01:35.391,8.72351,8.7257,1.00,1.00
2015.11.06 14:01:35.787,8.72381,8.72599,1.00,1.00
2015.11.06 14:01:38.871,8.72391,8.72599,1.00,1.00
2015.11.06 14:01:38.922,8.72411,8.72629,1.00,1.00
2015.11.06 14:01:39.993,8.72424,8.72629,1.00,1.00
2015.11.06 14:01:40.300,8.7244,8.72629,1.00,1.00
2015.11.06 14:01:40.351,8.7246,8.72678,1.00,1.00
2015.11.06 14:01:41.110,8.7246,8.72658,1.00,1.00
2015.11.06 14:01:41.161,8.72424,8.72638,1.00,1.00
2015.11.06 14:01:41.639,8.72419,8.72638,1.00,1.00
2015.11.06 14:01:43.914,8.72433,8.72638,1.00,1.00
2015.11.06 14:01:43.965,8.72452,8.7267,1.00,1.00
2015.11.06 14:01:45.185,8.72459,8.7267,1.00,1.00
2015.11.06 14:01:45.236,8.72479,8.72698,1.00,1.00
2015.11.06 14:01:45.938,8.72479,8.72685,1.00,1.00
2015.11.06 14:01:45.989,8.72447,8.72665,1.00,1.00
2015.11.06 14:01:46.494,8.72447,8.7265,1.00,1.00
2015.11.06 14:01:46.717,8.72412,8.7263,1.00,1.00
2015.11.06 14:01:48.492,8.72417,8.7263,1.00,1.00
2015.11.06 14:01:48.794,8.72448,8.7263,1.00,1.00
2015.11.06 14:01:52.586,8.72453,8.7265,1.00,1.00
2015.11.06 14:01:52.638,8.72473,8.72659,1.00,1.00
2015.11.06 14:01:52.807,8.72473,8.72687,1.00,1.00
2015.11.06 14:01:55.586,8.72469,8.72687,1.00,1.00
2015.11.06 14:01:56.057,8.72453,8.72654,1.00,1.00
2015.11.06 14:01:56.450,8.72436,8.72654,1.00,1.00
2015.11.06 14:01:56.653,8.72416,8.72621,1.00,1.00
2015.11.06 14:01:56.704,8.72413,8.72621,1.00,1.00
2015.11.06 14:01:57.324,8.72389,8.72589,1.00,1.00
2015.11.06 14:01:57.477,8.72371,8.72589,1.50,1.00
2015.11.06 14:01:58.321,8.72391,8.72589,1.00,1.00
2015.11.06 14:01:58.373,8.72403,8.72609,1.00,1.00
2015.11.06 14:01:58.424,8.72403,8.72621,1.00,1.00
2015.11.06 14:01:58.474,8.72411,8.72621,1.00,1.00
2015.11.06 14:01:59.727,8.72403,8.72621,1.00,1.00
2015.11.06 14:01:59.828,8.72457,8.72621,1.00,1.00
2015.11.06 14:01:59.879,8.72457,8.72641,1.00,1.00
2015.11.06 14:01:59.929,8.72514,8.72665,1.00,1.00
2015.11.06 14:01:59.980,8.72523,8.72685,1.00,1.00
2015.11.06 14:02:00.031,8.72539,8.72723,1.00,1.00
2015.11.06 14:02:00.132,8.72562,8.72747,1.00,1.69
2015.11.06 14:02:00.322,8.72578,8.72765,1.00,1.00
2015.11.06 14:02:00.373,8.72582,8.72765,1.00,1.00
2015.11.06 14:02:00.681,8.726,8.72765,1.00,1.00
2015.11.06 14:02:00.783,8.726,8.72785,1.00,1.00
2015.11.06 14:02:00.884,8.72584,8.72802,1.00,1.00
2015.11.06 14:02:00.995,8.72569,8.72768,1.00,1.00
2015.11.06 14:02:01.606,8.72553,8.72768,1.00,1.00
2015.11.06 14:02:03.010,8.72568,8.72768,1.00,1.00
2015.11.06 14:02:03.956,8.72585,8.72804,1.00,1.00
2015.11.06 14:02:04.057,8.7262,8.72804,1.00,1.00
2015.11.06 14:02:04.260,8.72689,8.72898,1.00,1.00
2015.11.06 14:02:04.462,8.7268,8.72898,1.00,1.00
2015.11.06 14:02:05.111,8.72646,8.72858,1.00,1.00
2015.11.06 14:02:05.162,8.7264,8.72858,1.00,1.00
2015.11.06 14:02:07.272,8.72643,8.72858,1.00,1.00
2015.11.06 14:02:09.247,8.7264,8.72858,1.00,1.00
2015.11.06 14:02:09.399,8.72623,8.72829,1.00,1.00
2015.11.06 14:02:12.477,8.72611,8.72829,1.00,1.00
2015.11.06 14:02:12.528,8.72615,8.72829,1.00,1.00
2015.11.06 14:02:12.848,8.72752,8.72865,1.00,1.00
2015.11.06 14:02:12.900,8.7278,8.72963,1.00,1.00
2015.11.06 14:02:13.052,8.72764,8.72963,1.00,1.00
2015.11.06 14:02:13.303,8.72772,8.7299,1.00,1.00
2015.11.06 14:02:13.455,8.72784,8.7299,1.00,1.00
2015.11.06 14:02:15.459,8.72772,8.7299,1.00,1.00
2015.11.06 14:02:16.086,8.72744,8.72963,1.00,1.00
2015.11.06 14:02:16.187,8.72704,8.72922,1.00,1.00
2015.11.06 14:02:16.778,8.72684,8.72895,1.00,1.00
2015.11.06 14:02:16.828,8.72676,8.72895,1.00,1.00
2015.11.06 14:02:17.314,8.7271,8.72895,1.00,1.00
2015.11.06 14:02:17.567,8.7271,8.72927,1.00,1.00
2015.11.06 14:02:18.156,8.72709,8.72927,1.00,1.00
2015.11.06 14:02:18.551,8.7273,8.72927,1.00,1.00
2015.11.06 14:02:19.120,8.7275,8.72927,1.00,1.00
2015.11.06 14:02:19.171,8.72725,8.72927,1.00,1.00
2015.11.06 14:02:19.728,8.72709,8.72927,1.00,1.00
2015.11.06 14:02:19.930,8.72709,8.72918,1.00,1.00
2015.11.06 14:02:20.031,8.7268,8.72898,1.00,1.00
2015.11.06 14:02:20.292,8.72664,8.72856,1.00,1.00
2015.11.06 14:02:20.517,8.72638,8.72856,1.00,1.00
2015.11.06 14:02:20.862,8.72654,8.72856,1.00,1.00
2015.11.06 14:02:21.219,8.72677,8.72895,1.00,1.00
2015.11.06 14:02:22.171,8.72684,8.72895,1.00,1.00
2015.11.06 14:02:22.498,8.727,8.72895,1.00,1.00
2015.11.06 14:02:22.548,8.72709,8.72928,1.00,1.00
2015.11.06 14:02:23.620,8.72714,8.72928,1.00,1.00
2015.11.06 14:02:23.938,8.72724,8.72928,1.00,1.00
2015.11.06 14:02:24.285,8.72733,8.72928,1.00,1.00
2015.11.06 14:02:24.619,8.72765,8.72928,1.00,1.00
2015.11.06 14:02:24.720,8.72765,8.72954,1.00,1.00
2015.11.06 14:02:26.484,8.72781,8.72954,1.00,1.00
2015.11.06 14:02:27.638,8.72803,8.73001,1.00,1.00
2015.11.06 14:02:27.840,8.72848,8.73024,1.00,1.00
2015.11.06 14:02:28.142,8.72874,8.73024,1.00,1.00
2015.11.06 14:02:28.193,8.72874,8.73074,1.00,1.00
2015.11.06 14:02:28.396,8.72889,8.73105,1.00,1.00
2015.11.06 14:02:28.549,8.72899,8.73105,1.00,1.00
2015.11.06 14:02:29.096,8.72921,8.73139,1.00,1.00
2015.11.06 14:02:29.147,8.7293,8.73139,1.00,1.00
2015.11.06 14:02:30.161,8.72921,8.73139,1.00,1.00
2015.11.06 14:02:30.550,8.72932,8.73139,1.00,1.00
2015.11.06 14:02:33.615,8.72931,8.73139,1.00,1.00
2015.11.06 14:02:34.007,8.72949,8.73167,1.00,1.00
2015.11.06 14:02:34.432,8.729,8.73119,1.00,1.00
2015.11.06 14:02:34.735,8.72872,8.7309,1.00,1.00
2015.11.06 14:02:36.817,8.72902,8.7312,1.00,1.00
2015.11.06 14:02:37.120,8.72937,8.73155,1.00,1.00
2015.11.06 14:02:39.228,8.72922,8.73114,1.00,1.00
2015.11.06 14:02:39.279,8.72896,8.73114,1.00,1.00
2015.11.06 14:02:40.635,8.72937,8.73156,1.00,1.00
2015.11.06 14:02:40.753,8.72975,8.73185,1.00,1.00
2015.11.06 14:02:40.804,8.72975,8.73193,1.00,1.00
2015.11.06 14:02:40.906,8.73011,8.73193,1.00,1.00
2015.11.06 14:02:41.108,8.7308,8.73293,1.00,1.00
2015.11.06 14:02:41.159,8.73075,8.73293,1.00,1.00
2015.11.06 14:02:41.545,8.73101,8.7332,1.00,1.00
2015.11.06 14:02:41.848,8.73115,8.7332,1.00,1.00
2015.11.06 14:02:42.062,8.73101,8.7332,1.00,1.00
2015.11.06 14:02:42.213,8.73126,8.7332,1.00,1.00
2015.11.06 14:02:42.531,8.73144,8.73347,1.00,1.00
2015.11.06 14:02:42.632,8.73145,8.73357,1.00,1.00
2015.11.06 14:02:42.786,8.73144,8.73347,1.00,1.00
2015.11.06 14:02:42.874,8.73144,8.73357,1.00,1.00
2015.11.06 14:02:43.229,8.73146,8.73357,1.00,1.00
2015.11.06 14:02:43.544,8.73125,8.73324,1.00,1.00
2015.11.06 14:02:46.055,8.7314,8.73324,1.00,1.00
2015.11.06 14:02:46.156,8.73151,8.73361,1.00,1.00
2015.11.06 14:02:46.257,8.73159,8.73361,1.00,1.00
2015.11.06 14:02:46.358,8.73175,8.73393,1.00,1.00
2015.11.06 14:02:48.977,8.73204,8.73413,1.00,1.00
2015.11.06 14:02:49.028,8.73204,8.73422,1.00,1.00
2015.11.06 14:02:49.166,8.73231,8.73442,1.00,1.00
2015.11.06 14:02:49.216,8.73231,8.73449,1.00,1.00
2015.11.06 14:02:50.404,8.73193,8.73412,1.00,1.00
2015.11.06 14:02:52.536,8.73169,8.7338,1.00,1.00
2015.11.06 14:02:52.789,8.73164,8.7338,1.00,1.00
2015.11.06 14:02:52.840,8.7319,8.7338,1.00,1.00
2015.11.06 14:02:53.043,8.73296,8.73512,1.00,1.00
2015.11.06 14:02:53.094,8.7331,8.73512,1.00,1.00
2015.11.06 14:02:53.346,8.73153,8.7337,1.00,1.00
2015.11.06 14:02:53.397,8.73153,8.73346,1.00,1.00
2015.11.06 14:02:53.618,8.73177,8.73395,1.00,1.00
2015.11.06 14:02:53.820,8.73146,8.73364,1.00,1.00
2015.11.06 14:02:54.950,8.73187,8.73405,1.00,1.00
2015.11.06 14:02:55.824,8.73193,8.73405,1.00,1.00
2015.11.06 14:02:56.063,8.73215,8.73434,1.00,1.00
2015.11.06 14:02:56.640,8.73264,8.73483,1.00,1.00
2015.11.06 14:02:56.842,8.73272,8.7351,1.00,1.00
2015.11.06 14:02:56.943,8.73272,8.73515,1.00,1.00
2015.11.06 14:02:57.398,8.73275,8.73515,1.00,1.00
2015.11.06 14:02:57.701,8.73321,8.73556,1.00,1.00
2015.11.06 14:02:58.020,8.73354,8.73572,1.00,1.00
2015.11.06 14:02:59.728,8.73364,8.73572,1.00,1.00
2015.11.06 14:02:59.778,8.73384,8.73602,1.00,1.00
2015.11.06 14:02:59.930,8.73394,8.73602,1.00,1.00
2015.11.06 14:02:59.981,8.73414,8.73627,1.00,1.00
2015.11.06 14:03:00.391,8.73414,8.73633,1.00,1.00
2015.11.06 14:03:00.442,8.73427,8.73633,1.00,1.00
2015.11.06 14:03:00.606,8.73447,8.73657,1.00,1.00
2015.11.06 14:03:00.657,8.73481,8.73657,1.00,1.00
2015.11.06 14:03:00.966,8.73481,8.73637,1.00,1.00
2015.11.06 14:03:01.389,8.73481,8.73656,1.00,1.00
2015.11.06 14:03:01.493,8.73481,8.73667,1.00,1.00
2015.11.06 14:03:02.061,8.73481,8.73637,1.00,1.00
2015.11.06 14:03:02.298,8.73439,8.73627,1.00,1.00
2015.11.06 14:03:02.613,8.73439,8.73607,1.00,1.00
2015.11.06 14:03:03.165,8.73439,8.73627,1.00,1.00
2015.11.06 14:03:03.795,8.73439,8.73617,1.00,1.00
2015.11.06 14:03:04.125,8.73439,8.73637,1.00,1.00
2015.11.06 14:03:04.377,8.73439,8.73617,1.00,1.00
2015.11.06 14:03:04.727,8.734,8.73557,1.00,1.00
2015.11.06 14:03:04.829,8.734,8.73577,1.00,1.00
2015.11.06 14:03:05.031,8.734,8.73587,1.00,1.00
2015.11.06 14:03:05.132,8.734,8.73597,1.00,1.00
2015.11.06 14:03:05.558,8.734,8.73587,1.00,1.00
2015.11.06 14:03:05.879,8.734,8.73567,1.00,1.00
2015.11.06 14:03:05.981,8.73368,8.73536,1.00,1.00
2015.11.06 14:03:06.328,8.73368,8.73527,1.00,1.00
2015.11.06 14:03:06.485,8.73368,8.73537,1.00,1.00
2015.11.06 14:03:06.547,8.73368,8.73556,1.00,1.00
2015.11.06 14:03:07.256,8.73368,8.73557,1.00,1.00
2015.11.06 14:03:07.458,8.73368,8.73586,1.00,1.00
2015.11.06 14:03:07.559,8.73415,8.73586,1.00,1.00
2015.11.06 14:03:07.855,8.73403,8.73577,1.00,1.00
2015.11.06 14:03:07.906,8.73403,8.73567,1.00,1.00
2015.11.06 14:03:08.088,8.73403,8.73587,1.00,1.00
2015.11.06 14:03:08.634,8.73403,8.73577,1.00,1.00
2015.11.06 14:03:09.625,8.73403,8.73587,1.00,1.00
2015.11.06 14:03:09.877,8.73403,8.73557,1.00,1.00
2015.11.06 14:03:10.113,8.73403,8.73567,1.00,1.00
2015.11.06 14:03:10.638,8.73403,8.73577,1.00,1.00
2015.11.06 14:03:10.836,8.73403,8.73567,1.00,1.00
2015.11.06 14:03:11.058,8.73403,8.73577,1.00,1.00
2015.11.06 14:03:11.542,8.73403,8.73587,1.00,1.00
2015.11.06 14:03:11.745,8.73403,8.73597,1.00,1.00
2015.11.06 14:03:11.846,8.73403,8.73621,1.00,1.00
2015.11.06 14:03:11.997,8.73417,8.73621,1.00,1.00
2015.11.06 14:03:12.098,8.73452,8.7367,1.00,1.00
2015.11.06 14:03:12.256,8.73484,8.73702,1.00,1.00
2015.11.06 14:03:14.164,8.73498,8.73702,1.00,1.00
2015.11.06 14:03:14.215,8.73518,8.73737,1.00,1.00
2015.11.06 14:03:14.922,8.73518,8.73704,1.00,1.00
2015.11.06 14:03:15.124,8.73433,8.73651,1.00,1.00
2015.11.06 14:03:15.326,8.7348,8.73651,1.00,1.00
2015.11.06 14:03:15.427,8.735,8.73718,1.00,1.00
2015.11.06 14:03:16.450,8.73511,8.73718,1.00,1.00
2015.11.06 14:03:16.500,8.73531,8.73749,1.00,1.00
2015.11.06 14:03:19.525,8.7357,8.73749,1.00,1.00
2015.11.06 14:03:19.626,8.73629,8.73847,1.00,1.00
2015.11.06 14:03:19.772,8.73629,8.73826,1.00,1.00
2015.11.06 14:03:19.822,8.73588,8.73806,1.00,1.00
2015.11.06 14:03:20.243,8.73608,8.73806,1.00,1.00
2015.11.06 14:03:20.344,8.73628,8.73846,1.00,1.00
2015.11.06 14:03:20.827,8.73672,8.73866,1.00,1.00
2015.11.06 14:03:20.878,8.73672,8.73868,1.00,1.00
2015.11.06 14:03:20.929,8.7363,8.73848,1.00,1.00
2015.11.06 14:03:21.030,8.73647,8.73848,1.00,1.00
2015.11.06 14:03:21.232,8.73685,8.73904,1.00,1.00
2015.11.06 14:03:22.407,8.73751,8.73924,1.00,1.00
2015.11.06 14:03:22.458,8.73751,8.73968,1.00,1.00
2015.11.06 14:03:24.306,8.73792,8.7401,1.00,1.00
2015.11.06 14:03:25.887,8.73815,8.7401,1.00,1.00
2015.11.06 14:03:25.938,8.73835,8.74053,1.00,1.00
2015.11.06 14:03:26.089,8.73842,8.74053,1.00,1.00
2015.11.06 14:03:26.178,8.73862,8.74081,1.00,1.00
2015.11.06 14:03:26.280,8.73862,8.74077,1.00,1.00
2015.11.06 14:03:26.532,8.7383,8.74048,1.00,1.00
2015.11.06 14:03:26.885,8.7383,8.74036,1.00,1.00
2015.11.06 14:03:26.936,8.73797,8.74016,1.00,1.00
2015.11.06 14:03:27.126,8.73829,8.74044,1.00,1.00
2015.11.06 14:03:27.426,8.73802,8.74021,1.00,1.00
2015.11.06 14:03:27.577,8.73802,8.74017,1.00,1.00
2015.11.06 14:03:27.791,8.73802,8.74021,1.00,1.00
2015.11.06 14:03:28.449,8.73802,8.74017,1.00,1.00
2015.11.06 14:03:28.550,8.73777,8.73993,1.00,1.00
2015.11.06 14:03:29.337,8.73777,8.73987,1.00,1.00
2015.11.06 14:03:29.695,8.73777,8.73977,1.00,1.00
2015.11.06 14:03:30.211,8.73777,8.73987,1.00,1.00
2015.11.06 14:03:31.076,8.73777,8.73993,1.00,1.00
2015.11.06 14:03:31.204,8.73777,8.73977,1.00,1.00
2015.11.06 14:03:31.406,8.73777,8.73987,1.00,1.00
2015.11.06 14:03:31.558,8.73749,8.73968,1.00,1.00
2015.11.06 14:03:32.095,8.73762,8.73968,1.00,1.00
2015.11.06 14:03:32.151,8.73782,8.74,1.00,1.00
2015.11.06 14:03:33.017,8.7379,8.74,1.00,1.00
2015.11.06 14:03:33.067,8.73809,8.74028,1.00,1.00
2015.11.06 14:03:33.219,8.73822,8.74028,1.00,1.00
2015.11.06 14:03:33.270,8.73842,8.7406,1.00,1.00
2015.11.06 14:03:34.505,8.73852,8.7406,1.00,1.00
2015.11.06 14:03:34.557,8.73871,8.74089,1.00,1.00
2015.11.06 14:03:38.365,8.73871,8.74067,1.00,1.00
2015.11.06 14:03:38.416,8.73829,8.74047,1.00,1.00
2015.11.06 14:03:39.455,8.73829,8.74037,1.00,1.00
2015.11.06 14:03:39.607,8.7379,8.74009,1.00,1.00
2015.11.06 14:03:39.710,8.7379,8.73977,1.00,1.00
2015.11.06 14:03:40.059,8.73742,8.7396,1.00,1.00
2015.11.06 14:03:41.106,8.73742,8.73947,1.00,1.00
2015.11.06 14:03:41.418,8.73742,8.73927,1.00,1.00
2015.11.06 14:03:41.469,8.73722,8.73919,1.00,1.00
2015.11.06 14:03:41.521,8.73701,8.73919,1.00,1.00
2015.11.06 14:03:41.673,8.73701,8.73917,1.00,1.00
2015.11.06 14:03:41.875,8.7367,8.73887,1.00,1.00
2015.11.06 14:03:41.977,8.7367,8.73857,1.00,1.00
2015.11.06 14:03:42.119,8.7367,8.73889,1.00,1.00
2015.11.06 14:03:42.372,8.73705,8.73909,1.00,1.00
2015.11.06 14:03:42.423,8.73705,8.73923,1.00,1.00
2015.11.06 14:03:42.739,8.73733,8.73942,1.00,1.00
2015.11.06 14:03:42.790,8.73733,8.73952,1.00,1.00
2015.11.06 14:03:43.166,8.73735,8.73952,1.00,1.00
2015.11.06 14:03:43.267,8.73733,8.73952,1.00,1.00
2015.11.06 14:03:43.368,8.73761,8.73972,1.00,1.00
2015.11.06 14:03:43.419,8.73761,8.7398,1.00,1.00
2015.11.06 14:03:44.073,8.73789,8.7398,1.00,1.00
2015.11.06 14:03:44.174,8.73797,8.74,1.00,1.00
2015.11.06 14:03:44.225,8.73797,8.74015,1.00,1.00
2015.11.06 14:03:44.275,8.73809,8.74015,1.00,1.00
2015.11.06 14:03:44.588,8.73829,8.74035,1.00,1.00
2015.11.06 14:03:44.639,8.73829,8.74047,1.00,1.00
2015.11.06 14:03:44.804,8.73831,8.74047,1.00,1.00
2015.11.06 14:03:45.116,8.73858,8.74077,1.00,1.50
2015.11.06 14:03:45.167,8.7387,8.74066,1.00,1.00
2015.11.06 14:03:45.405,8.7387,8.74077,1.00,1.00
2015.11.06 14:03:45.588,8.73902,8.74097,1.00,1.50
2015.11.06 14:03:45.907,8.73882,8.74093,1.00,1.00
2015.11.06 14:03:45.957,8.73875,8.74077,1.00,1.00
2015.11.06 14:03:46.074,8.73875,8.74087,1.00,1.00
2015.11.06 14:03:46.613,8.73875,8.74093,1.00,1.00
2015.11.06 14:03:46.715,8.73904,8.74087,1.00,1.00
2015.11.06 14:03:47.017,8.73948,8.74087,1.00,1.00
2015.11.06 14:03:47.068,8.73948,8.74137,1.00,1.00
2015.11.06 14:03:47.169,8.73958,8.74137,1.00,1.00
2015.11.06 14:03:47.270,8.73978,8.74197,1.00,1.00
2015.11.06 14:03:47.371,8.74007,8.74197,1.00,1.00
2015.11.06 14:03:47.709,8.73994,8.74187,1.00,1.00
2015.11.06 14:03:47.811,8.73956,8.74174,1.00,1.00
2015.11.06 14:03:48.375,8.73965,8.74174,1.00,1.00
2015.11.06 14:03:48.774,8.73993,8.74167,1.00,1.00
2015.11.06 14:03:49.008,8.73993,8.74187,1.00,1.00
2015.11.06 14:03:49.159,8.74002,8.74197,1.00,1.00
2015.11.06 14:03:49.260,8.74002,8.74207,1.00,1.00
2015.11.06 14:03:49.311,8.74031,8.74207,1.00,1.00
2015.11.06 14:03:49.362,8.74031,8.7425,1.00,1.00
2015.11.06 14:03:49.463,8.74041,8.7425,1.00,1.00
2015.11.06 14:03:49.684,8.74071,8.74282,1.00,1.00
2015.11.06 14:03:49.783,8.74091,8.74295,1.00,1.00
2015.11.06 14:03:49.840,8.74057,8.74275,1.00,1.00
2015.11.06 14:03:50.786,8.74057,8.74229,1.00,1.00
2015.11.06 14:03:50.906,8.73991,8.74209,1.00,1.00
2015.11.06 14:03:51.112,8.74023,8.74242,1.00,1.00
2015.11.06 14:03:51.213,8.7404,8.74275,1.00,1.00
2015.11.06 14:03:52.865,8.74071,8.74275,1.00,1.00
2015.11.06 14:03:52.916,8.74077,8.74312,1.00,1.00
2015.11.06 14:03:54.136,8.74049,8.74284,1.00,1.00
2015.11.06 14:03:54.924,8.74017,8.74252,1.00,1.00
2015.11.06 14:03:56.444,8.73997,8.74215,1.00,1.00
2015.11.06 14:03:56.496,8.73981,8.74215,1.00,1.00
2015.11.06 14:03:57.115,8.73956,8.74175,1.00,1.00
2015.11.06 14:03:57.624,8.73963,8.74175,1.00,1.00
2015.11.06 14:03:57.676,8.73983,8.74201,1.00,1.00
2015.11.06 14:03:58.093,8.73983,8.74191,1.00,1.00
2015.11.06 14:03:58.144,8.73953,8.74172,1.00,1.00
2015.11.06 14:03:59.997,8.73953,8.74159,1.00,1.00
2015.11.06 14:04:00.189,8.73921,8.74139,1.00,1.00
2015.11.06 14:04:02.438,8.7388,8.74098,1.00,1.00
2015.11.06 14:04:02.665,8.7385,8.74074,1.00,1.00
2015.11.06 14:04:02.722,8.73848,8.74074,1.00,1.00
2015.11.06 14:04:02.823,8.73848,8.74046,1.00,1.00
2015.11.06 14:04:02.874,8.73812,8.74046,1.00,1.00
2015.11.06 14:04:03.844,8.73775,8.7401,1.00,1.00
2015.11.06 14:04:05.429,8.73781,8.7401,1.00,1.00
2015.11.06 14:04:05.756,8.73776,8.7401,1.00,1.00
2015.11.06 14:04:05.806,8.73797,8.7401,1.00,1.00
2015.11.06 14:04:05.857,8.73817,8.74052,1.00,1.00
2015.11.06 14:04:05.908,8.7383,8.74052,1.00,1.00
2015.11.06 14:04:06.057,8.73882,8.74117,1.00,1.00
2015.11.06 14:04:06.716,8.73882,8.74091,1.00,1.00
2015.11.06 14:04:06.767,8.73837,8.74071,1.00,1.00
2015.11.06 14:04:07.108,8.73849,8.74071,1.00,1.00
2015.11.06 14:04:07.419,8.73869,8.74087,1.00,1.00
2015.11.06 14:04:07.946,8.73837,8.74055,1.00,1.00
2015.11.06 14:04:08.411,8.73844,8.74055,1.00,1.00
2015.11.06 14:04:08.462,8.73837,8.74055,1.00,1.00
2015.11.06 14:04:09.111,8.73872,8.74075,1.00,1.00
2015.11.06 14:04:09.212,8.73872,8.7409,1.00,1.00
2015.11.06 14:04:09.474,8.73885,8.7409,1.00,1.00
2015.11.06 14:04:09.676,8.73872,8.7409,1.00,1.00
2015.11.06 14:04:10.230,8.73942,8.7411,1.00,1.00
2015.11.06 14:04:10.281,8.73942,8.7416,1.00,1.00
2015.11.06 14:04:10.551,8.7397,8.7416,1.00,1.00
2015.11.06 14:04:10.602,8.73965,8.7416,1.00,1.00
2015.11.06 14:04:10.703,8.73942,8.7416,1.00,1.00
2015.11.06 14:04:10.906,8.73911,8.7413,1.00,1.00
2015.11.06 14:04:11.007,8.73977,8.7413,1.00,1.00
2015.11.06 14:04:11.109,8.73979,8.74196,1.00,1.00
2015.11.06 14:04:11.211,8.74036,8.74262,1.00,1.00
2015.11.06 14:04:11.500,8.74011,8.7423,1.00,1.00
2015.11.06 14:04:11.803,8.73978,8.74196,1.00,1.00
2015.11.06 14:04:12.116,8.73955,8.74163,1.00,1.00
2015.11.06 14:04:12.217,8.7398,8.74198,1.00,1.00
2015.11.06 14:04:12.604,8.74012,8.74217,1.00,1.00
2015.11.06 14:04:12.798,8.73977,8.74196,1.00,1.00
2015.11.06 14:04:13.000,8.73977,8.74187,1.00,1.00
2015.11.06 14:04:13.151,8.73977,8.74196,1.00,1.00
2015.11.06 14:04:14.857,8.73996,8.74196,1.00,1.00
2015.11.06 14:04:15.059,8.7407,8.74288,1.00,1.00
2015.11.06 14:04:15.611,8.74076,8.74288,1.00,1.00
2015.11.06 14:04:15.712,8.7407,8.74288,1.00,1.00
2015.11.06 14:04:16.076,8.7407,8.74277,1.00,1.00
2015.11.06 14:04:16.379,8.74029,8.74248,1.00,1.00
2015.11.06 14:04:16.732,8.74023,8.74202,1.00,1.00
2015.11.06 14:04:16.783,8.73997,8.74202,1.00,1.00
2015.11.06 14:04:17.127,8.73984,8.74202,1.00,1.00
2015.11.06 14:04:17.229,8.7411,8.74202,1.00,1.00
2015.11.06 14:04:17.280,8.74131,8.74277,1.00,1.00
2015.11.06 14:04:17.381,8.74131,8.74315,1.00,1.00
2015.11.06 14:04:17.482,8.74081,8.743,1.00,1.00
2015.11.06 14:04:17.838,8.74116,8.74304,1.00,1.00
2015.11.06 14:04:17.889,8.74116,8.74332,1.00,1.00
2015.11.06 14:04:18.508,8.74116,8.74334,1.00,1.00
2015.11.06 14:04:18.705,8.74116,8.74332,1.00,1.00
2015.11.06 14:04:18.856,8.74083,8.74301,1.00,1.00
2015.11.06 14:04:19.380,8.74083,8.74297,1.00,1.00
2015.11.06 14:04:19.634,8.74138,8.74353,1.00,1.00
2015.11.06 14:04:19.735,8.74138,8.74357,1.00,1.00
2015.11.06 14:04:21.025,8.74138,8.74347,1.00,1.00
2015.11.06 14:04:21.718,8.74138,8.74357,1.00,1.50
2015.11.06 14:04:23.669,8.74179,8.74363,1.00,1.00
2015.11.06 14:04:23.770,8.74159,8.74363,1.00,1.00
2015.11.06 14:04:23.821,8.74148,8.74357,1.00,1.00
2015.11.06 14:04:24.013,8.74148,8.74347,1.00,1.00
2015.11.06 14:04:24.353,8.74114,8.74307,1.00,1.00
2015.11.06 14:04:24.403,8.74094,8.74296,1.00,1.00
2015.11.06 14:04:24.466,8.74078,8.74296,1.00,1.00
2015.11.06 14:04:25.573,8.74107,8.74297,1.00,1.00
2015.11.06 14:04:25.674,8.74107,8.74325,1.00,1.00
2015.11.06 14:04:25.775,8.74144,8.74327,1.00,1.00
2015.11.06 14:04:25.876,8.74144,8.74337,1.00,1.00
2015.11.06 14:04:26.303,8.74144,8.74339,1.00,1.00
2015.11.06 14:04:26.522,8.74144,8.74337,1.00,1.00
2015.11.06 14:04:27.637,8.74144,8.74327,1.00,1.00
2015.11.06 14:04:27.738,8.74144,8.74337,1.00,1.00
2015.11.06 14:04:27.889,8.74144,8.74347,1.00,1.00
2015.11.06 14:04:28.294,8.74144,8.74337,1.00,1.00
2015.11.06 14:04:28.629,8.74081,8.74297,1.00,1.00
2015.11.06 14:04:29.165,8.74081,8.74277,1.00,1.00
2015.11.06 14:04:29.689,8.74112,8.74277,1.00,1.00
2015.11.06 14:04:29.832,8.74112,8.74297,1.00,1.00
2015.11.06 14:04:30.142,8.74112,8.74307,1.00,1.00
2015.11.06 14:04:30.243,8.74112,8.7433,1.00,1.00
2015.11.06 14:04:31.643,8.74151,8.74357,1.00,1.00
2015.11.06 14:04:32.039,8.74151,8.74347,1.00,1.00
2015.11.06 14:04:32.140,8.74119,8.74335,1.00,1.00
2015.11.06 14:04:32.191,8.74119,8.74327,1.00,1.00
2015.11.06 14:04:32.544,8.74119,8.74307,1.00,1.00
2015.11.06 14:04:33.672,8.74098,8.74307,1.00,1.00
2015.11.06 14:04:33.723,8.74091,8.74307,1.00,1.00
2015.11.06 14:04:33.824,8.74091,8.74309,1.00,1.00
2015.11.06 14:04:33.975,8.7414,8.74329,1.00,1.00
2015.11.06 14:04:34.026,8.7414,8.74345,1.00,1.00
2015.11.06 14:04:34.177,8.7414,8.74359,1.00,1.00
2015.11.06 14:04:34.300,8.74176,8.74375,1.00,1.00
2015.11.06 14:04:34.351,8.74176,8.74394,1.00,1.00
2015.11.06 14:04:34.401,8.74176,8.74386,1.00,1.00
2015.11.06 14:04:35.202,8.74176,8.74394,1.00,1.00
2015.11.06 14:04:35.303,8.74204,8.74414,1.00,1.00
2015.11.06 14:04:35.354,8.74204,8.74423,1.00,1.00
2015.11.06 14:04:36.224,8.74237,8.74456,1.00,1.00
2015.11.06 14:04:36.536,8.74246,8.74456,1.00,1.00
2015.11.06 14:04:36.587,8.74237,8.74456,1.00,1.00
2015.11.06 14:04:37.135,8.7427,8.74489,1.00,1.00
2015.11.06 14:04:37.488,8.74314,8.74509,1.00,1.00
2015.11.06 14:04:37.538,8.74314,8.74526,1.00,1.00
2015.11.06 14:04:37.589,8.74314,8.74531,1.00,1.00
2015.11.06 14:04:37.690,8.74316,8.74531,1.00,1.00
2015.11.06 14:04:38.035,8.74346,8.74547,1.00,1.00
2015.11.06 14:04:38.087,8.74346,8.74557,1.00,1.00
2015.11.06 14:04:38.138,8.74346,8.74564,1.00,1.00
2015.11.06 14:04:38.926,8.74387,8.74567,1.00,1.00
2015.11.06 14:04:39.128,8.74343,8.74561,1.00,1.00
2015.11.06 14:04:39.238,8.74301,8.74519,1.00,1.00
2015.11.06 14:04:39.541,8.74261,8.74479,1.00,1.00
2015.11.06 14:04:39.642,8.74226,8.74445,1.00,1.00
2015.11.06 14:04:40.004,8.74206,8.74407,1.00,1.00
2015.11.06 14:04:40.055,8.74189,8.74407,1.00,1.00
2015.11.06 14:04:40.792,8.74189,8.74386,1.00,1.00
2015.11.06 14:04:41.095,8.74043,8.74252,1.00,1.00
2015.11.06 14:04:41.741,8.74033,8.74252,1.00,1.00
2015.11.06 14:04:41.792,8.74033,8.74192,1.00,1.00
2015.11.06 14:04:41.893,8.73927,8.74136,1.00,1.00
2015.11.06 14:04:42.046,8.73938,8.74136,1.00,1.00
2015.11.06 14:04:42.097,8.73958,8.74176,1.00,1.00
2015.11.06 14:04:42.251,8.73982,8.74176,1.00,1.00
2015.11.06 14:04:42.301,8.74002,8.74221,1.00,1.00
2015.11.06 14:04:43.995,8.74002,8.74214,1.00,1.00
2015.11.06 14:04:44.148,8.7397,8.74188,1.00,1.00
2015.11.06 14:04:45.592,8.73941,8.74159,1.00,1.00
2015.11.06 14:04:46.640,8.73941,8.74153,1.00,1.00
2015.11.06 14:04:47.155,8.73941,8.74145,1.00,1.00
2015.11.06 14:04:47.206,8.73906,8.74125,1.00,1.00
2015.11.06 14:04:48.364,8.73906,8.74117,1.00,1.00
2015.11.06 14:04:48.566,8.73865,8.74084,1.00,1.00
2015.11.06 14:04:49.468,8.73902,8.74107,1.00,1.00
2015.11.06 14:04:49.675,8.73902,8.74121,1.00,1.00
2015.11.06 14:04:50.463,8.73933,8.74141,1.00,1.00
2015.11.06 14:04:50.514,8.73933,8.74151,1.00,1.00
2015.11.06 14:04:51.009,8.73933,8.74148,1.00,1.00
2015.11.06 14:04:51.667,8.73933,8.74151,1.00,1.00
2015.11.06 14:04:51.768,8.73992,8.74171,1.00,1.00
2015.11.06 14:04:51.819,8.73992,8.74197,1.00,2.44
2015.11.06 14:04:51.870,8.73992,8.7421,1.00,1.00
2015.11.06 14:04:52.680,8.73992,8.74192,1.00,1.00
2015.11.06 14:04:52.785,8.73949,8.74168,1.00,1.00
2015.11.06 14:04:53.497,8.73987,8.74195,1.00,1.00
2015.11.06 14:04:53.801,8.73987,8.74206,1.00,1.00
2015.11.06 14:04:55.876,8.74015,8.74226,1.00,1.00
2015.11.06 14:04:55.928,8.74015,8.74233,1.00,1.00
2015.11.06 14:04:56.182,8.73996,8.74193,1.00,1.00
2015.11.06 14:04:56.233,8.73974,8.74193,1.00,1.00
2015.11.06 14:04:56.933,8.74007,8.74225,1.00,1.00
2015.11.06 14:04:57.238,8.74039,8.74258,1.00,1.00
2015.11.06 14:04:57.724,8.74088,8.74299,1.00,1.00
2015.11.06 14:04:57.882,8.74088,8.74307,1.00,1.00
2015.11.06 14:04:59.160,8.74088,8.74297,1.00,1.00
2015.11.06 14:04:59.261,8.74061,8.74279,1.00,1.00
2015.11.06 14:05:00.341,8.74102,8.74319,1.00,1.00
2015.11.06 14:05:00.643,8.74068,8.74287,1.00,1.00
2015.11.06 14:05:00.745,8.74036,8.74254,1.00,1.00
2015.11.06 14:05:00.846,8.74064,8.74283,1.00,1.00
2015.11.06 14:05:01.094,8.74064,8.7425,1.00,1.00
2015.11.06 14:05:01.146,8.7403,8.74249,1.00,1.00
2015.11.06 14:05:01.249,8.7403,8.74243,1.00,1.00
2015.11.06 14:05:01.373,8.7399,8.74207,1.00,1.00
2015.11.06 14:05:01.627,8.73953,8.74172,1.00,1.00
2015.11.06 14:05:02.361,8.73923,8.74139,1.00,1.00
2015.11.06 14:05:03.018,8.73923,8.74134,1.00,1.00
2015.11.06 14:05:03.119,8.73923,8.74139,1.00,1.00
2015.11.06 14:05:03.271,8.73893,8.74112,1.00,1.00
2015.11.06 14:05:04.344,8.73893,8.74103,1.00,1.00
2015.11.06 14:05:04.395,8.73865,8.74083,1.00,1.00
2015.11.06 14:05:05.113,8.73879,8.74083,1.00,1.00
2015.11.06 14:05:05.164,8.73901,8.74117,1.00,1.00
2015.11.06 14:05:05.316,8.7392,8.74117,1.00,1.00
2015.11.06 14:05:05.468,8.73932,8.7415,1.00,1.00
2015.11.06 14:05:05.967,8.73967,8.7417,1.00,1.00
2015.11.06 14:05:06.018,8.73967,8.74185,1.00,1.00
2015.11.06 14:05:06.320,8.73976,8.74185,1.00,1.00
2015.11.06 14:05:06.371,8.73996,8.74214,1.00,1.00
2015.11.06 14:05:06.792,8.73996,8.74207,1.00,1.00
2015.11.06 14:05:06.893,8.73968,8.74187,1.00,1.00
2015.11.06 14:05:06.994,8.73968,8.74163,1.00,1.00
2015.11.06 14:05:07.095,8.73926,8.74144,1.00,1.00
2015.11.06 14:05:07.494,8.73926,8.7413,1.00,1.00
2015.11.06 14:05:07.595,8.73903,8.7411,1.00,1.00
2015.11.06 14:05:08.193,8.73892,8.7411,1.00,1.00
2015.11.06 14:05:08.899,8.73892,8.74096,1.00,1.00
2015.11.06 14:05:09.067,8.73857,8.74076,1.00,1.00
2015.11.06 14:05:10.317,8.73884,8.74094,1.00,1.00
2015.11.06 14:05:11.275,8.73884,8.74102,1.00,1.00
2015.11.06 14:05:11.729,8.7392,8.74122,1.00,1.00
2015.11.06 14:05:11.779,8.7392,8.74135,1.00,1.00
2015.11.06 14:05:12.476,8.7392,8.74139,1.00,1.00
2015.11.06 14:05:13.435,8.73957,8.74159,1.00,1.50
2015.11.06 14:05:14.038,8.73929,8.74148,1.00,1.00
2015.11.06 14:05:14.139,8.73929,8.74133,1.00,1.00
2015.11.06 14:05:15.964,8.73901,8.74119,1.00,1.00
2015.11.06 14:05:16.124,8.73881,8.74091,1.00,1.00
2015.11.06 14:05:16.175,8.73875,8.74091,1.00,1.00
2015.11.06 14:05:16.518,8.73854,8.74057,1.00,1.00
2015.11.06 14:05:16.569,8.73845,8.74057,1.00,1.00
2015.11.06 14:05:16.738,8.73838,8.74057,1.00,1.00
2015.11.06 14:05:17.050,8.73926,8.74089,1.00,1.00
2015.11.06 14:05:17.151,8.73885,8.74103,1.00,1.00
2015.11.06 14:05:17.252,8.73918,8.74136,1.00,1.00
2015.11.06 14:05:19.595,8.73945,8.74156,1.00,1.00
2015.11.06 14:05:19.646,8.73945,8.74163,1.00,1.00
2015.11.06 14:05:19.697,8.73945,8.74159,1.00,1.00
2015.11.06 14:05:19.998,8.73907,8.74125,1.00,1.00
2015.11.06 14:05:20.200,8.73907,8.74083,1.00,1.00
2015.11.06 14:05:20.301,8.73844,8.74063,1.00,1.00
2015.11.06 14:05:20.402,8.73844,8.7405,1.00,1.00
2015.11.06 14:05:20.682,8.73803,8.74022,1.00,1.00
2015.11.06 14:05:21.253,8.73813,8.74022,1.00,1.00
2015.11.06 14:05:21.304,8.73833,8.74051,1.00,1.00
2015.11.06 14:05:21.769,8.73839,8.74051,1.00,1.00
2015.11.06 14:05:21.819,8.73859,8.74078,1.00,1.00
2015.11.06 14:05:23.243,8.73896,8.74115,1.00,1.00
2015.11.06 14:05:23.704,8.73931,8.74134,1.00,1.00
2015.11.06 14:05:23.754,8.73931,8.74148,1.00,1.00
2015.11.06 14:05:24.383,8.73931,8.74149,1.00,1.00
2015.11.06 14:05:25.045,8.73984,8.74171,1.00,1.00
2015.11.06 14:05:25.197,8.73984,8.74191,1.00,1.00
2015.11.06 14:05:25.248,8.73957,8.74176,1.00,1.00
2015.11.06 14:05:27.374,8.73993,8.74196,1.00,1.00
2015.11.06 14:05:27.424,8.73993,8.74211,1.00,1.00
2015.11.06 14:05:27.828,8.74005,8.74211,1.00,1.00
2015.11.06 14:05:27.879,8.74025,8.74244,1.00,1.00
2015.11.06 14:05:28.132,8.7405,8.74244,1.00,1.00
2015.11.06 14:05:28.232,8.74071,8.74287,1.00,1.00
2015.11.06 14:05:28.894,8.74071,8.74276,1.00,1.00
2015.11.06 14:05:28.995,8.74038,8.74256,1.00,1.00
2015.11.06 14:05:29.799,8.74132,8.74256,1.00,1.00
2015.11.06 14:05:29.900,8.74151,8.74344,1.00,1.00
2015.11.06 14:05:30.001,8.74151,8.74369,1.00,1.00
2015.11.06 14:05:30.102,8.74132,8.74347,1.00,1.00
2015.11.06 14:05:30.153,8.74112,8.74333,1.00,1.00
2015.11.06 14:05:30.254,8.74078,8.74313,1.00,1.00
2015.11.06 14:05:31.007,8.74097,8.74313,1.00,1.00
2015.11.06 14:05:31.158,8.74078,8.74313,1.00,1.00
2015.11.06 14:05:31.461,8.74046,8.74281,1.00,1.00
2015.11.06 14:05:31.764,8.74017,8.74252,1.00,1.00
2015.11.06 14:05:32.067,8.73988,8.74223,1.00,1.00
2015.11.06 14:05:32.377,8.74029,8.74247,1.00,1.00
2015.11.06 14:05:32.680,8.74009,8.74182,1.00,1.00
2015.11.06 14:05:32.882,8.74029,8.74247,1.00,1.00
2015.11.06 14:05:32.933,8.74029,8.74237,1.00,1.00
2015.11.06 14:05:32.984,8.74022,8.74237,1.00,1.00
2015.11.06 14:05:33.097,8.74032,8.74257,1.00,1.00
2015.11.06 14:05:33.148,8.74032,8.74237,1.00,1.00
2015.11.06 14:05:33.250,8.74032,8.74257,1.00,1.50
2015.11.06 14:05:33.465,8.74047,8.74257,1.00,1.00
2015.11.06 14:05:33.567,8.74068,8.74297,1.00,1.00
2015.11.06 14:05:33.668,8.74096,8.74303,1.00,1.00
2015.11.06 14:05:33.870,8.7406,8.74268,1.00,1.00
2015.11.06 14:05:33.971,8.7406,8.74284,1.00,1.00
2015.11.06 14:05:34.335,8.7406,8.74287,1.00,1.00
2015.11.06 14:05:34.913,8.7406,8.74295,1.00,1.00
2015.11.06 14:05:35.073,8.74092,8.74307,1.00,1.00
2015.11.06 14:05:35.225,8.74092,8.74327,1.00,1.00
2015.11.06 14:05:35.275,8.74122,8.74336,1.00,1.00
2015.11.06 14:05:35.526,8.74122,8.7435,1.00,1.00
2015.11.06 14:05:35.678,8.74122,8.74357,1.00,1.00
2015.11.06 14:05:35.728,8.74122,8.74353,1.00,1.00
2015.11.06 14:05:35.924,8.74122,8.74357,1.00,1.00
2015.11.06 14:05:36.025,8.74122,8.74338,1.00,1.00
2015.11.06 14:05:36.177,8.74101,8.74319,1.00,1.00
2015.11.06 14:05:38.691,8.74133,8.74351,1.00,1.00
2015.11.06 14:05:39.033,8.74113,8.74305,1.00,1.00
2015.11.06 14:05:39.085,8.74087,8.74305,1.00,1.00
2015.11.06 14:05:40.784,8.74122,8.74341,1.00,1.00
2015.11.06 14:05:40.886,8.74163,8.74382,1.00,1.00
2015.11.06 14:05:41.201,8.74163,8.74378,1.00,1.00
2015.11.06 14:05:41.331,8.74124,8.74342,1.00,1.00
2015.11.06 14:05:41.383,8.74124,8.74318,1.00,1.00
2015.11.06 14:05:41.485,8.74079,8.74298,1.00,1.00
2015.11.06 14:05:41.586,8.74053,8.74271,1.00,1.00
2015.11.06 14:05:42.073,8.74072,8.74271,1.00,1.00
2015.11.06 14:05:42.174,8.74102,8.7432,1.00,1.00
2015.11.06 14:05:42.275,8.74112,8.7432,1.00,1.00
2015.11.06 14:05:42.396,8.74134,8.74353,1.00,1.00
2015.11.06 14:05:43.648,8.74134,8.74344,1.00,1.00
2015.11.06 14:05:43.951,8.74082,8.74301,1.00,1.00
2015.11.06 14:05:44.254,8.74158,8.74337,1.00,1.00
2015.11.06 14:05:44.407,8.74158,8.74363,1.00,1.00
2015.11.06 14:05:45.052,8.74158,8.74377,1.00,1.00
2015.11.06 14:05:45.463,8.74121,8.7434,1.00,1.00
2015.11.06 14:05:45.855,8.74154,8.74372,1.00,1.00
2015.11.06 14:05:46.361,8.74186,8.74392,1.00,1.00
2015.11.06 14:05:46.413,8.74186,8.74405,1.00,1.00
2015.11.06 14:05:46.565,8.74216,8.74425,1.00,1.00
2015.11.06 14:05:46.616,8.74216,8.74434,1.00,1.00
2015.11.06 14:05:47.124,8.74254,8.74434,1.00,1.00
2015.11.06 14:05:47.175,8.7429,8.74509,1.00,1.00
2015.11.06 14:05:47.852,8.7427,8.74463,1.00,1.00
2015.11.06 14:05:47.903,8.74244,8.74463,1.00,1.00
2015.11.06 14:05:48.401,8.74244,8.74433,1.00,1.00
2015.11.06 14:05:48.452,8.74195,8.74412,1.00,1.00
2015.11.06 14:05:49.584,8.74207,8.74412,1.00,1.00
2015.11.06 14:05:49.686,8.74227,8.74446,1.00,1.00
2015.11.06 14:05:50.679,8.74207,8.7441,1.00,1.00
2015.11.06 14:05:50.730,8.74191,8.7441,1.00,1.00
2015.11.06 14:05:50.882,8.74177,8.7438,1.00,1.00
2015.11.06 14:05:51.033,8.74161,8.7438,1.00,1.00
2015.11.06 14:05:51.084,8.7421,8.744,1.00,1.00
2015.11.06 14:05:51.427,8.74383,8.74557,1.00,1.00
2015.11.06 14:05:51.478,8.74383,8.74602,1.00,1.00
2015.11.06 14:05:51.808,8.74403,8.74602,1.00,1.00
2015.11.06 14:05:51.859,8.74423,8.74642,1.00,1.00
2015.11.06 14:05:52.209,8.74423,8.7464,1.00,1.00
2015.11.06 14:05:52.462,8.74352,8.74571,1.00,1.00
2015.11.06 14:05:52.513,8.74352,8.74542,1.00,1.00
2015.11.06 14:05:52.564,8.74303,8.74522,1.00,1.00
2015.11.06 14:05:52.614,8.74312,8.74522,1.00,1.00
2015.11.06 14:05:52.665,8.74332,8.74551,1.00,1.00
2015.11.06 14:05:53.100,8.74344,8.74551,1.00,1.00
2015.11.06 14:05:53.151,8.74364,8.74583,1.00,1.00
2015.11.06 14:05:53.864,8.74371,8.74583,1.00,1.00
2015.11.06 14:05:54.172,8.7429,8.74481,1.00,1.00
2015.11.06 14:05:54.223,8.74264,8.74481,1.00,1.00
2015.11.06 14:05:54.475,8.74291,8.7451,1.00,1.00
2015.11.06 14:05:54.841,8.74272,8.74477,1.00,1.00
2015.11.06 14:05:54.892,8.74264,8.74477,1.00,1.00
2015.11.06 14:05:55.102,8.74258,8.74477,1.00,1.00
2015.11.06 14:05:55.153,8.74291,8.74477,1.00,1.00
2015.11.06 14:05:55.341,8.74258,8.74477,1.00,1.00
2015.11.06 14:05:55.545,8.74238,8.74439,1.00,1.00
2015.11.06 14:05:55.596,8.74221,8.74439,1.00,1.00
2015.11.06 14:05:56.154,8.7427,8.74439,1.00,1.00
2015.11.06 14:05:56.337,8.74279,8.74498,1.00,1.00
2015.11.06 14:05:56.539,8.74312,8.74497,1.00,1.00
2015.11.06 14:05:56.590,8.74312,8.74527,1.00,1.00
2015.11.06 14:05:56.640,8.74292,8.74492,1.00,1.00
2015.11.06 14:05:56.691,8.74273,8.74492,1.00,1.00
2015.11.06 14:05:56.742,8.74307,8.74512,1.00,1.00
2015.11.06 14:05:56.893,8.74307,8.74526,1.00,1.00
2015.11.06 14:05:57.246,8.74307,8.74518,1.00,1.00
2015.11.06 14:05:57.504,8.74228,8.74447,1.00,1.00
2015.11.06 14:05:58.713,8.74239,8.74447,1.00,1.00
2015.11.06 14:05:58.814,8.74228,8.74447,1.00,1.00
2015.11.06 14:05:59.345,8.74208,8.74418,1.00,1.00
2015.11.06 14:05:59.396,8.742,8.74418,1.00,1.00
2015.11.06 14:05:59.447,8.74218,8.74418,1.00,1.00
2015.11.06 14:05:59.600,8.74229,8.74448,1.00,1.00
2015.11.06 14:06:01.476,8.74208,8.74406,1.00,1.00
2015.11.06 14:06:01.577,8.74189,8.74406,1.00,1.00
2015.11.06 14:06:02.114,8.74202,8.74406,1.00,1.00
2015.11.06 14:06:02.316,8.74223,8.74441,1.00,1.00
2015.11.06 14:06:02.417,8.74246,8.74441,1.00,1.00
2015.11.06 14:06:03.053,8.74228,8.74441,1.00,1.00
2015.11.06 14:06:03.204,8.742,8.74388,1.00,1.50
2015.11.06 14:06:03.356,8.7417,8.74388,1.00,1.50
2015.11.06 14:06:03.710,8.74121,8.7434,1.00,1.00
2015.11.06 14:06:04.067,8.74101,8.74312,1.00,1.00
2015.11.06 14:06:04.118,8.74094,8.74312,1.50,1.00
2015.11.06 14:06:04.371,8.74074,8.74277,1.00,1.00
2015.11.06 14:06:04.422,8.74059,8.74277,1.00,1.00
2015.11.06 14:06:04.573,8.74053,8.74249,1.00,1.00
2015.11.06 14:06:04.776,8.7403,8.74249,1.00,1.00
2015.11.06 14:06:05.062,8.74034,8.74249,1.00,1.00
2015.11.06 14:06:05.298,8.74071,8.7429,1.00,1.00
2015.11.06 14:06:05.703,8.74112,8.7433,1.00,1.00
2015.11.06 14:06:06.001,8.74077,8.74296,1.00,1.00
2015.11.06 14:06:06.325,8.74122,8.74341,1.00,1.00
2015.11.06 14:06:06.635,8.74159,8.74341,1.00,1.00
2015.11.06 14:06:06.837,8.74256,8.74456,1.00,1.00
2015.11.06 14:06:07.002,8.74209,8.74352,1.00,1.00
2015.11.06 14:06:07.053,8.74203,8.74352,1.00,1.00
2015.11.06 14:06:07.104,8.74179,8.74352,1.00,1.00
2015.11.06 14:06:07.155,8.74146,8.74352,1.00,1.00
2015.11.06 14:06:07.256,8.74133,8.74352,1.00,1.00
2015.11.06 14:06:07.809,8.74113,8.7432,1.00,1.00
2015.11.06 14:06:07.860,8.74102,8.7432,1.00,1.00
2015.11.06 14:06:08.410,8.74131,8.7434,1.00,1.00
2015.11.06 14:06:08.713,8.74131,8.74307,1.00,1.00
2015.11.06 14:06:08.965,8.74131,8.74325,1.00,1.00
2015.11.06 14:06:09.016,8.7416,8.74325,1.00,1.00
2015.11.06 14:06:09.311,8.7414,8.74325,1.00,1.00
2015.11.06 14:06:09.412,8.7416,8.74325,1.00,1.00
2015.11.06 14:06:09.462,8.7416,8.74349,1.00,1.00
2015.11.06 14:06:09.563,8.7416,8.74328,1.00,1.00
2015.11.06 14:06:10.014,8.74119,8.74328,1.00,1.00
2015.11.06 14:06:10.115,8.74158,8.74328,1.00,1.00
2015.11.06 14:06:10.416,8.74158,8.7435,1.00,1.00
2015.11.06 14:06:10.668,8.74171,8.7435,1.00,1.00
2015.11.06 14:06:10.971,8.74191,8.7435,1.00,1.00
2015.11.06 14:06:11.177,8.74191,8.7437,1.00,1.00
2015.11.06 14:06:14.516,8.74219,8.7437,1.00,1.00
2015.11.06 14:06:15.031,8.74178,8.7437,1.00,1.00
2015.11.06 14:06:15.618,8.74157,8.74366,1.00,1.00
2015.11.06 14:06:15.722,8.74147,8.74366,1.00,1.00
2015.11.06 14:06:16.244,8.74147,8.7435,1.00,1.00
2015.11.06 14:06:16.565,8.74094,8.74311,1.00,1.00
2015.11.06 14:06:16.818,8.74092,8.74311,1.00,1.00
2015.11.06 14:06:17.843,8.74123,8.74331,1.00,1.00
2015.11.06 14:06:18.425,8.74154,8.74331,1.00,1.00
2015.11.06 14:06:18.676,8.74135,8.74327,1.00,1.00
2015.11.06 14:06:18.727,8.74147,8.74331,1.00,1.00
2015.11.06 14:06:19.135,8.74147,8.7436,1.00,1.00
2015.11.06 14:06:20.303,8.74158,8.7436,1.00,1.00
2015.11.06 14:06:20.675,8.74178,8.7436,1.00,1.00
2015.11.06 14:06:21.012,8.74211,8.7436,1.00,1.00
2015.11.06 14:06:21.062,8.74171,8.7436,1.00,1.00
2015.11.06 14:06:21.811,8.74185,8.7436,1.00,1.00
2015.11.06 14:06:22.125,8.74205,8.7436,1.00,1.00
2015.11.06 14:06:22.177,8.74172,8.7436,1.00,1.00
2015.11.06 14:06:24.305,8.74172,8.74341,1.00,1.00
2015.11.06 14:06:24.406,8.74139,8.74341,1.00,1.00
2015.11.06 14:06:28.544,8.74108,8.74327,1.00,1.00
2015.11.06 14:06:30.455,8.74108,8.74311,1.00,1.00
2015.11.06 14:06:30.506,8.74072,8.74291,1.50,1.00
2015.11.06 14:06:30.956,8.74085,8.74291,1.00,1.00
2015.11.06 14:06:31.007,8.74105,8.74324,1.00,1.00
2015.11.06 14:06:31.058,8.74105,8.7432,1.00,1.00
2015.11.06 14:06:32.163,8.74105,8.74324,1.00,1.00
2015.11.06 14:06:34.764,8.74105,8.74317,1.00,1.00
2015.11.06 14:06:35.483,8.74105,8.74324,1.00,1.00
2015.11.06 14:06:35.967,8.74105,8.7432,1.00,1.00
2015.11.06 14:06:36.773,8.74115,8.7432,1.00,1.00
2015.11.06 14:06:37.077,8.74135,8.7434,1.00,1.00
2015.11.06 14:06:37.405,8.74168,8.7434,1.00,1.00
2015.11.06 14:06:38.169,8.74141,8.7434,1.00,1.00
2015.11.06 14:06:38.370,8.74154,8.7434,1.00,1.00
2015.11.06 14:06:38.573,8.74133,8.7434,1.00,1.00
2015.11.06 14:06:39.754,8.74149,8.7434,1.00,1.00
2015.11.06 14:06:39.920,8.74149,8.74352,1.00,1.00
2015.11.06 14:06:39.971,8.74183,8.74361,1.00,1.00
2015.11.06 14:06:41.647,8.74214,8.74361,1.00,1.00
2015.11.06 14:06:42.092,8.74214,8.74404,1.00,1.00
2015.11.06 14:06:42.309,8.74214,8.74433,1.00,1.00
2015.11.06 14:06:42.360,8.74248,8.74467,1.00,1.00
2015.11.06 14:06:44.284,8.74253,8.74467,1.00,1.00
2015.11.06 14:06:44.385,8.74309,8.74528,1.00,1.00
2015.11.06 14:06:44.637,8.74276,8.74495,1.00,1.00
2015.11.06 14:06:45.232,8.74303,8.74495,1.00,1.00
2015.11.06 14:06:45.348,8.7432,8.74539,1.00,1.00
2015.11.06 14:06:45.600,8.7432,8.74524,1.00,1.00
2015.11.06 14:06:45.651,8.74288,8.74506,1.00,1.00
2015.11.06 14:06:46.443,8.74293,8.74506,1.00,1.00
2015.11.06 14:06:46.645,8.74329,8.74548,1.00,1.00
2015.11.06 14:06:47.115,8.74357,8.74568,1.00,1.00
2015.11.06 14:06:47.236,8.74357,8.74575,1.00,1.00
2015.11.06 14:06:47.632,8.74335,8.74545,1.00,1.00
2015.11.06 14:06:47.800,8.74326,8.74545,1.00,1.00
2015.11.06 14:06:48.193,8.74325,8.74518,1.00,1.00
2015.11.06 14:06:48.436,8.74305,8.74518,1.00,1.00
2015.11.06 14:06:48.537,8.743,8.74518,1.00,1.00
2015.11.06 14:06:48.891,8.74281,8.7449,1.00,1.00
2015.11.06 14:06:48.941,8.74272,8.7449,1.00,1.00
2015.11.06 14:06:50.598,8.7427,8.74442,1.00,1.00
2015.11.06 14:06:50.757,8.74243,8.74442,1.00,1.00
2015.11.06 14:06:50.858,8.74223,8.74442,1.00,1.00
2015.11.06 14:06:52.510,8.74243,8.74442,1.00,1.00
2015.11.06 14:06:52.676,8.74257,8.74475,1.00,1.00
2015.11.06 14:06:52.726,8.74259,8.74475,1.00,1.00
2015.11.06 14:06:54.517,8.74291,8.74495,1.00,1.00
2015.11.06 14:06:54.568,8.74291,8.74508,1.00,1.00
2015.11.06 14:06:59.375,8.74324,8.74529,1.00,1.00
2015.11.06 14:06:59.426,8.74324,8.74542,1.00,1.00
2015.11.06 14:06:59.476,8.74304,8.7451,1.00,1.00
2015.11.06 14:06:59.527,8.74291,8.7451,1.00,1.00
2015.11.06 14:07:00.521,8.74263,8.74481,1.00,1.00
2015.11.06 14:07:01.114,8.74216,8.74435,1.00,1.00
2015.11.06 14:07:01.165,8.74216,8.7442,1.00,1.00
2015.11.06 14:07:01.504,8.74198,8.74373,1.00,1.00
2015.11.06 14:07:01.605,8.74198,8.74404,1.00,1.00
2015.11.06 14:07:01.656,8.74212,8.74404,1.00,1.00
2015.11.06 14:07:01.913,8.74226,8.74435,1.00,1.00
2015.11.06 14:07:02.422,8.74216,8.74435,1.00,1.00
2015.11.06 14:07:03.944,8.74228,8.74435,1.00,1.00
2015.11.06 14:07:03.995,8.74254,8.74472,1.00,1.00
2015.11.06 14:07:04.298,8.74209,8.74425,1.00,1.00
2015.11.06 14:07:06.160,8.74209,8.7442,1.00,1.00
2015.11.06 14:07:06.211,8.74181,8.744,1.00,1.00
2015.11.06 14:07:06.262,8.74181,8.74389,1.00,1.00
2015.11.06 14:07:06.313,8.74151,8.74369,1.00,1.00
2015.11.06 14:07:07.282,8.74168,8.74369,1.00,1.00
2015.11.06 14:07:07.412,8.74188,8.74407,1.00,1.00
2015.11.06 14:07:07.580,8.74218,8.74407,1.00,1.00
2015.11.06 14:07:07.795,8.74219,8.74438,1.00,1.00
2015.11.06 14:07:12.406,8.74187,8.74384,1.00,1.00
2015.11.06 14:07:12.558,8.74165,8.74384,1.00,1.00
2015.11.06 14:07:14.474,8.74204,8.74384,1.00,1.00
2015.11.06 14:07:14.664,8.74181,8.74384,1.00,1.00
2015.11.06 14:07:14.715,8.74193,8.74412,1.00,1.00
2015.11.06 14:07:14.816,8.74234,8.74452,1.00,1.00
2015.11.06 14:07:15.396,8.74267,8.74452,1.00,1.00
2015.11.06 14:07:15.447,8.74267,8.74485,1.00,1.00
2015.11.06 14:07:17.688,8.7429,8.74456,1.00,1.00
2015.11.06 14:07:17.871,8.74311,8.74529,1.00,1.00
2015.11.06 14:07:17.972,8.74379,8.74549,1.00,1.00
2015.11.06 14:07:18.024,8.74379,8.74568,1.00,1.00
2015.11.06 14:07:18.205,8.74379,8.74596,1.00,1.00
2015.11.06 14:07:18.407,8.74379,8.74588,1.00,1.00
2015.11.06 14:07:18.713,8.74407,8.74612,1.00,1.00
2015.11.06 14:07:19.131,8.74407,8.74625,1.00,1.00
2015.11.06 14:07:19.552,8.74451,8.7467,1.00,1.50
2015.11.06 14:07:19.919,8.74464,8.7467,1.00,1.00
2015.11.06 14:07:20.224,8.74451,8.7467,1.00,1.00
2015.11.06 14:07:20.566,8.74486,8.7467,1.00,1.00
2015.11.06 14:07:20.869,8.7452,8.74687,1.00,1.00
2015.11.06 14:07:20.920,8.7451,8.74687,1.00,1.00
2015.11.06 14:07:21.073,8.7451,8.74697,1.00,1.00
2015.11.06 14:07:21.174,8.7451,8.74719,1.00,1.00
2015.11.06 14:07:21.224,8.74538,8.74719,1.00,1.00
2015.11.06 14:07:21.477,8.74553,8.74738,1.00,1.00
2015.11.06 14:07:22.009,8.74553,8.7472,1.00,1.00
2015.11.06 14:07:22.110,8.74536,8.7472,1.00,1.00
2015.11.06 14:07:22.221,8.74542,8.7472,1.00,1.00
2015.11.06 14:07:22.551,8.74562,8.7472,1.00,1.00
2015.11.06 14:07:22.881,8.74544,8.7472,1.00,1.00
2015.11.06 14:07:24.367,8.74544,8.74637,1.00,1.00
2015.11.06 14:07:24.518,8.74485,8.74637,1.00,1.00
2015.11.06 14:07:24.669,8.74453,8.74634,1.00,1.00
2015.11.06 14:07:24.955,8.74442,8.7467,1.00,1.00
2015.11.06 14:07:25.662,8.74442,8.74641,1.00,1.00
2015.11.06 14:07:25.713,8.74413,8.74641,1.00,1.00
2015.11.06 14:07:26.613,8.74435,8.74641,1.00,1.00
2015.11.06 14:07:26.664,8.74435,8.7467,1.50,1.00
2015.11.06 14:07:26.765,8.74435,8.74663,1.50,1.00
2015.11.06 14:07:27.067,8.74533,8.74721,1.00,1.00
2015.11.06 14:07:27.296,8.74534,8.7474,1.00,1.00
2015.11.06 14:07:27.347,8.74534,8.74752,1.00,1.00
2015.11.06 14:07:28.132,8.74514,8.74713,1.00,1.00
2015.11.06 14:07:28.183,8.74494,8.74713,1.50,1.00
2015.11.06 14:07:28.585,8.74501,8.74713,1.00,1.00
2015.11.06 14:07:28.686,8.74539,8.74758,1.00,1.00
2015.11.06 14:07:28.838,8.74541,8.74758,1.00,1.00
2015.11.06 14:07:28.989,8.74574,8.74793,1.00,1.00
2015.11.06 14:07:29.141,8.74614,8.74793,1.00,1.00
2015.11.06 14:07:29.292,8.7464,8.74859,1.00,1.00
2015.11.06 14:07:29.343,8.74658,8.74859,1.00,1.00
2015.11.06 14:07:29.591,8.74679,8.74892,1.00,1.00
2015.11.06 14:07:29.844,8.74689,8.74912,1.00,1.00
2015.11.06 14:07:29.895,8.74689,8.74956,1.00,1.00
2015.11.06 14:07:30.147,8.74719,8.74977,1.00,1.00
2015.11.06 14:07:30.198,8.74719,8.74987,1.00,1.00
2015.11.06 14:07:30.346,8.74771,8.75007,1.00,1.00
2015.11.06 14:07:30.397,8.74771,8.75026,1.00,1.00
2015.11.06 14:07:30.498,8.74771,8.75031,1.00,1.00
2015.11.06 14:07:30.649,8.74812,8.75051,1.00,1.00
2015.11.06 14:07:30.700,8.74812,8.75056,1.00,1.00
2015.11.06 14:07:30.751,8.74826,8.75075,1.00,1.00
2015.11.06 14:07:30.852,8.74826,8.75077,1.00,1.00
2015.11.06 14:07:31.054,8.74801,8.75061,1.00,1.00
2015.11.06 14:07:31.513,8.74801,8.75047,1.00,1.00
2015.11.06 14:07:31.664,8.74801,8.75061,1.00,1.00
2015.11.06 14:07:32.173,8.74801,8.75057,1.00,1.00
2015.11.06 14:07:32.318,8.74801,8.75061,1.00,1.00
2015.11.06 14:07:32.572,8.74842,8.75077,1.00,1.00
2015.11.06 14:07:32.623,8.74842,8.75084,1.00,1.00
2015.11.06 14:07:32.724,8.74842,8.75078,1.00,1.00
2015.11.06 14:07:33.086,8.74842,8.7511,1.00,1.00
2015.11.06 14:07:33.272,8.7487,8.75138,1.00,1.00
2015.11.06 14:07:33.591,8.74911,8.75179,1.00,1.00
2015.11.06 14:07:33.894,8.74911,8.75167,1.00,1.00
2015.11.06 14:07:33.944,8.74911,8.75179,1.00,1.00
2015.11.06 14:07:34.096,8.7495,8.75194,1.00,1.00
2015.11.06 14:07:34.432,8.74973,8.75194,1.69,1.00
2015.11.06 14:07:34.483,8.74993,8.75219,1.00,1.00
2015.11.06 14:07:34.534,8.74999,8.75219,1.00,1.00
2015.11.06 14:07:34.585,8.75019,8.75254,1.00,1.00
2015.11.06 14:07:34.636,8.75019,8.75237,1.00,1.00
2015.11.06 14:07:34.938,8.74973,8.75176,2.24,1.00
2015.11.06 14:07:34.989,8.74979,8.75187,1.52,1.00
2015.11.06 14:07:35.181,8.74979,8.75214,1.52,1.00
2015.11.06 14:07:35.399,8.74979,8.75187,1.52,1.00
2015.11.06 14:07:35.501,8.74979,8.75214,1.52,1.00
2015.11.06 14:07:35.552,8.75002,8.75214,1.00,1.00
2015.11.06 14:07:35.703,8.75022,8.75237,1.00,1.50
2015.11.06 14:07:35.921,8.75022,8.75257,1.00,2.25
2015.11.06 14:07:36.269,8.75051,8.75257,1.00,1.00
2015.11.06 14:07:36.319,8.75051,8.7527,1.00,1.00
2015.11.06 14:07:36.370,8.75051,8.75267,1.00,1.00
2015.11.06 14:07:36.672,8.75051,8.75257,1.00,1.00
2015.11.06 14:07:36.790,8.75051,8.75267,1.00,1.00
2015.11.06 14:07:37.054,8.75113,8.7527,1.57,1.00
2015.11.06 14:07:37.160,8.75113,8.7529,1.57,1.00
2015.11.06 14:07:37.211,8.75113,8.75317,1.57,1.00
2015.11.06 14:07:37.264,8.75113,8.75297,1.47,1.00
2015.11.06 14:07:37.566,8.75113,8.75297,1.84,1.00
2015.11.06 14:07:37.768,8.75135,8.75317,1.00,1.00
2015.11.06 14:07:37.819,8.75135,8.75354,1.00,1.00
2015.11.06 14:07:37.971,8.75162,8.75374,1.00,1.00
2015.11.06 14:07:38.313,8.75113,8.75332,2.27,1.00
2015.11.06 14:07:38.617,8.75113,8.75285,1.71,1.00
2015.11.06 14:07:38.965,8.75066,8.75285,1.00,1.00
2015.11.06 14:07:39.016,8.75037,8.75256,1.00,1.00
2015.11.06 14:07:39.321,8.75113,8.75297,1.57,1.00
2015.11.06 14:07:39.556,8.75078,8.75286,1.00,1.00
2015.11.06 14:07:39.708,8.75044,8.75263,1.00,1.00
2015.11.06 14:07:40.116,8.75013,8.75232,1.00,1.00
2015.11.06 14:07:40.419,8.74984,8.75203,1.00,1.00
2015.11.06 14:07:43.164,8.75004,8.75203,1.00,1.00
2015.11.06 14:07:43.215,8.75018,8.75235,1.00,1.00
2015.11.06 14:07:45.035,8.75051,8.7527,1.00,1.00
2015.11.06 14:07:45.338,8.7506,8.7527,1.00,1.00
2015.11.06 14:07:45.439,8.75093,8.7531,1.00,1.00
2015.11.06 14:07:46.039,8.75125,8.75344,1.00,1.00
2015.11.06 14:07:46.919,8.75165,8.75363,1.00,1.00
2015.11.06 14:07:46.970,8.75165,8.75384,1.00,1.00
2015.11.06 14:07:51.513,8.7513,8.75349,1.00,1.00
2015.11.06 14:07:51.815,8.75097,8.75316,1.00,1.00
2015.11.06 14:07:52.304,8.75101,8.75316,1.00,1.00
2015.11.06 14:07:52.607,8.75198,8.75417,1.00,1.00
2015.11.06 14:07:53.087,8.75198,8.75406,1.00,1.00
2015.11.06 14:07:53.138,8.75175,8.75385,1.00,1.00
2015.11.06 14:07:53.396,8.75168,8.75385,1.00,1.00
2015.11.06 14:07:53.497,8.75168,8.75379,1.00,1.00
2015.11.06 14:07:53.598,8.7514,8.75359,1.00,1.00
2015.11.06 14:07:53.700,8.75152,8.75359,1.00,1.00
2015.11.06 14:07:53.751,8.75172,8.75392,1.00,1.00
2015.11.06 14:07:53.801,8.75172,8.75379,1.00,1.00
2015.11.06 14:07:53.852,8.75143,8.75359,1.00,1.00
2015.11.06 14:07:53.989,8.7514,8.75359,1.00,1.00
2015.11.06 14:07:54.090,8.7514,8.75344,1.00,1.00
2015.11.06 14:07:54.409,8.75124,8.75324,1.00,1.00
2015.11.06 14:07:54.461,8.75105,8.75324,1.00,1.00
2015.11.06 14:07:54.821,8.75105,8.75317,1.00,1.00
2015.11.06 14:07:54.922,8.75078,8.75297,1.00,1.00
2015.11.06 14:07:55.393,8.75078,8.7527,1.00,1.00
2015.11.06 14:07:55.495,8.75035,8.7525,1.00,1.00
2015.11.06 14:07:55.703,8.75031,8.7525,1.00,1.00
2015.11.06 14:07:56.649,8.75031,8.75239,1.00,1.00
2015.11.06 14:07:56.700,8.75002,8.75219,1.00,1.00
2015.11.06 14:07:57.110,8.75015,8.75219,1.00,1.00
2015.11.06 14:07:57.425,8.7504,8.75239,1.00,1.00
2015.11.06 14:07:57.541,8.75008,8.75219,1.00,1.00
2015.11.06 14:07:57.794,8.75029,8.75219,1.00,1.00
2015.11.06 14:07:58.335,8.75049,8.75219,1.00,1.00
2015.11.06 14:07:58.475,8.75049,8.75261,1.00,1.00
2015.11.06 14:07:58.576,8.75042,8.75261,1.00,1.00
2015.11.06 14:07:58.681,8.75042,8.75248,1.00,1.00
2015.11.06 14:07:58.995,8.75029,8.75228,1.00,1.00
2015.11.06 14:07:59.111,8.75013,8.75228,1.00,1.00
2015.11.06 14:07:59.413,8.75009,8.75228,1.00,1.00
2015.11.06 14:08:02.078,8.75009,8.7522,1.00,1.00
2015.11.06 14:08:02.129,8.74982,8.75199,1.00,1.00
2015.11.06 14:08:02.271,8.75006,8.75199,1.00,1.00
2015.11.06 14:08:02.593,8.75013,8.75232,1.00,1.00
2015.11.06 14:08:02.644,8.75063,8.75232,1.00,1.00
2015.11.06 14:08:02.746,8.75013,8.75232,1.00,1.00
2015.11.06 14:08:02.898,8.74998,8.75174,1.00,1.00
2015.11.06 14:08:03.200,8.74973,8.75174,1.00,1.00
2015.11.06 14:08:03.302,8.74973,8.75145,1.00,1.00
2015.11.06 14:08:03.848,8.74993,8.75145,1.00,1.00
2015.11.06 14:08:04.136,8.74978,8.75145,1.00,1.00
2015.11.06 14:08:04.735,8.74957,8.75145,1.00,1.00
2015.11.06 14:08:04.836,8.74941,8.75145,1.00,1.00
2015.11.06 14:08:04.886,8.74941,8.75113,1.00,1.00
2015.11.06 14:08:05.190,8.74912,8.75081,1.00,1.00
2015.11.06 14:08:05.613,8.74884,8.75081,1.00,1.00
2015.11.06 14:08:06.608,8.74865,8.75081,1.00,1.00
2015.11.06 14:08:06.709,8.74904,8.75081,1.00,1.00
2015.11.06 14:08:07.151,8.74862,8.75081,1.00,1.00
2015.11.06 14:08:07.282,8.74862,8.75069,1.00,1.00
2015.11.06 14:08:07.587,8.74842,8.75016,1.00,1.00
2015.11.06 14:08:08.033,8.74842,8.75046,1.00,1.00
2015.11.06 14:08:08.669,8.74827,8.75046,1.00,1.00
2015.11.06 14:08:08.871,8.74827,8.75032,1.00,1.00
2015.11.06 14:08:09.174,8.74829,8.75012,1.00,1.00
2015.11.06 14:08:09.487,8.74849,8.75012,1.00,1.00
2015.11.06 14:08:09.538,8.74849,8.7504,1.00,1.00
2015.11.06 14:08:09.689,8.74866,8.7504,1.00,1.00
2015.11.06 14:08:09.841,8.74866,8.75081,1.00,1.00
2015.11.06 14:08:09.992,8.74881,8.75081,1.00,1.00
2015.11.06 14:08:10.193,8.74849,8.75081,1.00,1.00
2015.11.06 14:08:11.640,8.74864,8.75081,1.00,1.00
2015.11.06 14:08:11.951,8.74938,8.75106,1.00,1.00
2015.11.06 14:08:12.153,8.74938,8.75136,1.00,1.00
2015.11.06 14:08:12.438,8.74938,8.75138,1.00,1.00
2015.11.06 14:08:13.164,8.74927,8.75138,1.00,1.00
2015.11.06 14:08:13.739,8.74926,8.75138,1.00,1.00
2015.11.06 14:08:14.811,8.74942,8.75138,1.00,1.00
2015.11.06 14:08:15.146,8.74967,8.75138,1.00,1.00
2015.11.06 14:08:15.571,8.74967,8.75175,1.00,1.00
2015.11.06 14:08:17.450,8.7497,8.75175,1.00,1.00
2015.11.06 14:08:17.721,8.74987,8.75202,1.00,1.00
2015.11.06 14:08:17.822,8.74994,8.75202,1.00,1.00
2015.11.06 14:08:18.126,8.75035,8.75243,1.00,1.00
2015.11.06 14:08:19.250,8.75024,8.75243,1.00,1.00
2015.11.06 14:08:19.425,8.75024,8.75237,1.00,1.00
2015.11.06 14:08:19.752,8.75004,8.75211,1.00,1.00
2015.11.06 14:08:20.203,8.75024,8.75211,1.00,1.00
2015.11.06 14:08:20.543,8.75024,8.75237,1.00,1.00
2015.11.06 14:08:21.972,8.7502,8.75237,1.00,1.00
2015.11.06 14:08:22.023,8.7502,8.75229,1.00,1.00
2015.11.06 14:08:22.077,8.74996,8.75209,1.00,1.00
2015.11.06 14:08:22.180,8.75016,8.75209,1.00,1.00
2015.11.06 14:08:22.281,8.75018,8.75237,1.00,1.00
2015.11.06 14:08:22.399,8.75033,8.75237,1.00,1.00
2015.11.06 14:08:24.537,8.75041,8.75237,1.00,1.00
2015.11.06 14:08:26.250,8.75018,8.75237,1.00,1.00
2015.11.06 14:08:26.452,8.75018,8.75229,1.00,1.00
2015.11.06 14:08:26.773,8.75,8.75207,1.00,1.00
2015.11.06 14:08:27.026,8.74967,8.75176,1.00,1.00
2015.11.06 14:08:28.021,8.74957,8.75138,1.00,1.00
2015.11.06 14:08:28.123,8.74934,8.75119,1.00,1.00
2015.11.06 14:08:28.890,8.74955,8.75119,1.00,1.00
2015.11.06 14:08:29.263,8.74931,8.75119,1.00,1.00
2015.11.06 14:08:30.366,8.749,8.75119,1.00,1.00
2015.11.06 14:08:30.467,8.749,8.75104,1.00,1.00
2015.11.06 14:08:30.792,8.74883,8.75085,1.00,1.00
2015.11.06 14:08:31.984,8.74866,8.75072,1.00,1.00
2015.11.06 14:08:32.035,8.74859,8.75052,1.00,1.00
2015.11.06 14:08:32.337,8.74859,8.75016,1.00,1.00
2015.11.06 14:08:32.474,8.74807,8.74993,1.00,1.00
2015.11.06 14:08:32.525,8.74807,8.74973,1.00,1.00
2015.11.06 14:08:32.677,8.74789,8.74973,1.00,1.00
2015.11.06 14:08:33.040,8.74764,8.74973,1.00,1.00
2015.11.06 14:08:33.695,8.74756,8.74945,1.00,1.00
2015.11.06 14:08:34.045,8.7475,8.74925,1.00,1.00
2015.11.06 14:08:34.379,8.74798,8.74957,1.00,1.00
2015.11.06 14:08:34.988,8.7482,8.74957,1.00,1.00
2015.11.06 14:08:35.318,8.7482,8.74991,1.00,1.00
2015.11.06 14:08:35.434,8.74839,8.74991,1.00,1.00
2015.11.06 14:08:35.900,8.7486,8.74991,1.00,1.00
2015.11.06 14:08:35.951,8.7486,8.75022,1.00,1.00
2015.11.06 14:08:36.143,8.7486,8.75055,1.00,1.00
2015.11.06 14:08:36.194,8.7486,8.75057,1.00,1.00
2015.11.06 14:08:36.535,8.74886,8.75057,1.00,1.00
2015.11.06 14:08:37.077,8.74902,8.75057,1.00,1.00
2015.11.06 14:08:37.181,8.74898,8.75057,1.00,1.00
2015.11.06 14:08:37.434,8.74854,8.75057,1.00,1.00
2015.11.06 14:08:37.873,8.74816,8.75027,1.00,1.00
2015.11.06 14:08:38.002,8.74808,8.75027,1.00,1.00
2015.11.06 14:08:38.733,8.74819,8.75027,1.00,1.00
2015.11.06 14:08:38.784,8.74838,8.75057,1.00,1.00
2015.11.06 14:08:39.065,8.7484,8.75057,1.00,1.00
2015.11.06 14:08:39.376,8.74885,8.75057,1.00,1.00
2015.11.06 14:08:39.477,8.74895,8.75114,1.00,1.00
2015.11.06 14:08:39.790,8.74927,8.75146,1.00,1.00
2015.11.06 14:08:40.292,8.74907,8.75114,1.00,1.00
2015.11.06 14:08:40.343,8.74895,8.75114,1.00,1.00
2015.11.06 14:08:40.832,8.74926,8.75114,1.00,1.00
2015.11.06 14:08:40.883,8.74946,8.75165,1.00,1.00
2015.11.06 14:08:41.083,8.74974,8.75185,1.00,1.00
2015.11.06 14:08:41.134,8.74974,8.75191,1.00,1.00
2015.11.06 14:08:42.814,8.74986,8.75191,1.00,1.00
2015.11.06 14:08:42.915,8.75006,8.75225,1.00,1.00
2015.11.06 14:08:43.066,8.7501,8.75225,1.00,1.00
2015.11.06 14:08:43.218,8.7504,8.75257,1.00,1.00
2015.11.06 14:08:43.319,8.7506,8.75257,1.00,1.00
2015.11.06 14:08:43.489,8.7508,8.75299,1.00,1.00
2015.11.06 14:08:44.221,8.75117,8.75299,1.00,1.00
2015.11.06 14:08:44.272,8.75137,8.75356,1.00,1.00
2015.11.06 14:08:45.979,8.75137,8.75353,1.00,1.00
2015.11.06 14:08:46.883,8.75137,8.75356,1.00,1.00
2015.11.06 14:08:48.233,8.75191,8.75376,1.00,1.00
2015.11.06 14:08:48.284,8.75191,8.75395,1.00,1.00
2015.11.06 14:08:48.385,8.75191,8.7541,1.00,1.00
2015.11.06 14:08:50.830,8.75275,8.7543,1.00,1.00
2015.11.06 14:08:51.020,8.75275,8.75492,1.00,1.00
2015.11.06 14:08:51.554,8.75254,8.75461,1.00,1.00
2015.11.06 14:08:51.604,8.75242,8.75461,1.00,1.00
2015.11.06 14:08:52.058,8.75276,8.7548,1.00,1.00
2015.11.06 14:08:52.109,8.75276,8.75493,1.00,1.00
2015.11.06 14:08:52.160,8.75255,8.75467,1.00,1.00
2015.11.06 14:08:52.210,8.75248,8.75467,1.00,1.00
2015.11.06 14:08:52.311,8.75253,8.75467,1.00,1.00
2015.11.06 14:08:52.546,8.75248,8.75467,1.00,1.00
2015.11.06 14:08:53.108,8.75248,8.75446,1.00,1.00
2015.11.06 14:08:53.209,8.75208,8.75425,1.00,1.00
2015.11.06 14:08:53.311,8.75166,8.75385,1.50,1.00
2015.11.06 14:08:53.714,8.75197,8.75405,1.00,1.00
2015.11.06 14:08:53.765,8.75197,8.75416,1.00,1.00
2015.11.06 14:08:53.952,8.75197,8.75408,1.00,1.00
2015.11.06 14:08:54.002,8.75169,8.75388,1.00,1.00
2015.11.06 14:08:55.382,8.75253,8.75388,1.00,1.00
2015.11.06 14:08:55.433,8.75253,8.75441,1.00,1.00
2015.11.06 14:08:55.534,8.75294,8.75461,1.00,1.00
2015.11.06 14:08:55.585,8.75294,8.75513,1.00,1.00
2015.11.06 14:08:55.752,8.75324,8.75527,1.00,1.00
2015.11.06 14:08:55.853,8.75305,8.7551,1.00,1.00
2015.11.06 14:08:55.904,8.75291,8.7551,1.00,1.00
2015.11.06 14:08:56.168,8.75328,8.7553,1.00,1.00
2015.11.06 14:08:56.219,8.75328,8.75547,1.00,1.00
2015.11.06 14:08:56.385,8.75343,8.75547,1.00,1.00
2015.11.06 14:08:56.537,8.7536,8.75577,1.00,1.00
2015.11.06 14:08:57.265,8.75383,8.75577,1.00,1.00
2015.11.06 14:08:57.316,8.7536,8.75577,1.00,1.00
2015.11.06 14:08:57.367,8.75397,8.75616,1.00,1.00
2015.11.06 14:08:57.534,8.75343,8.75556,1.00,1.00
2015.11.06 14:08:57.635,8.75337,8.75556,1.50,1.00
2015.11.06 14:08:57.685,8.75337,8.75547,1.00,1.00
2015.11.06 14:08:57.988,8.75293,8.755,1.00,1.00
2015.11.06 14:08:58.220,8.75281,8.755,1.00,1.00
2015.11.06 14:08:58.637,8.75249,8.75468,1.00,1.00
2015.11.06 14:08:59.146,8.75221,8.75439,1.00,1.00
2015.11.06 14:08:59.537,8.7519,8.75409,1.00,1.00
2015.11.06 14:09:01.842,8.75197,8.75409,1.00,1.00
2015.11.06 14:09:01.893,8.75218,8.75434,1.00,1.00
2015.11.06 14:09:03.849,8.75218,8.75426,1.00,1.00
2015.11.06 14:09:04.051,8.7519,8.75407,1.00,1.00
2015.11.06 14:09:04.102,8.7519,8.75397,1.00,1.00
2015.11.06 14:09:04.290,8.7519,8.75407,1.00,1.00
2015.11.06 14:09:04.832,8.7519,8.75409,1.00,1.00
2015.11.06 14:09:05.099,8.7519,8.75407,1.00,1.00
2015.11.06 14:09:05.496,8.75158,8.75375,1.00,1.00
2015.11.06 14:09:06.001,8.75186,8.75375,1.00,1.00
2015.11.06 14:09:06.660,8.75202,8.75375,1.00,1.00
2015.11.06 14:09:07.236,8.75219,8.75375,1.00,1.00
2015.11.06 14:09:07.387,8.75219,8.75403,1.00,1.00
2015.11.06 14:09:07.438,8.75243,8.75403,1.00,1.00
2015.11.06 14:09:07.590,8.75243,8.75436,1.00,1.00
2015.11.06 14:09:07.649,8.75259,8.75436,1.00,1.00
2015.11.06 14:09:07.807,8.75243,8.75436,1.00,1.00
2015.11.06 14:09:08.797,8.75243,8.75427,1.00,1.00
2015.11.06 14:09:09.539,8.75223,8.75427,1.00,1.00
2015.11.06 14:09:09.640,8.75223,8.75434,1.00,1.00
2015.11.06 14:09:09.978,8.75223,8.75436,1.00,1.50
2015.11.06 14:09:10.079,8.75217,8.75436,1.00,1.00
2015.11.06 14:09:10.130,8.75217,8.75426,1.00,1.00
2015.11.06 14:09:10.378,8.75217,8.75436,1.00,1.00
2015.11.06 14:09:10.839,8.75228,8.75436,1.00,1.00
2015.11.06 14:09:11.142,8.7525,8.75436,1.00,1.00
2015.11.06 14:09:11.975,8.75237,8.75436,1.00,1.00
2015.11.06 14:09:12.400,8.7522,8.75436,1.00,1.00
2015.11.06 14:09:12.552,8.7522,8.75416,1.00,1.00
2015.11.06 14:09:12.738,8.75203,8.75403,1.00,1.00
2015.11.06 14:09:12.788,8.75203,8.75397,1.00,1.00
2015.11.06 14:09:13.102,8.75203,8.75403,1.00,1.00
2015.11.06 14:09:13.479,8.75187,8.75403,1.00,1.00
2015.11.06 14:09:13.889,8.75187,8.75397,1.00,1.00
2015.11.06 14:09:14.268,8.75187,8.75369,1.00,1.00
2015.11.06 14:09:15.152,8.75171,8.75369,1.00,1.00
2015.11.06 14:09:15.549,8.75171,8.75367,1.00,1.00
2015.11.06 14:09:15.660,8.75171,8.75369,1.00,1.00
2015.11.06 14:09:16.403,8.75171,8.75347,1.00,1.00
2015.11.06 14:09:16.454,8.75151,8.75347,1.00,1.00
2015.11.06 14:09:16.606,8.75151,8.75337,1.00,1.00
2015.11.06 14:09:16.723,8.75162,8.75369,1.00,1.00
2015.11.06 14:09:17.180,8.75162,8.75367,1.00,1.00
2015.11.06 14:09:17.689,8.75162,8.75366,1.00,1.00
2015.11.06 14:09:18.221,8.75162,8.75367,1.00,1.00
2015.11.06 14:09:18.522,8.75203,8.75356,1.00,1.00
2015.11.06 14:09:18.840,8.75203,8.75367,1.00,1.00
2015.11.06 14:09:20.276,8.75203,8.75369,1.00,1.00
2015.11.06 14:09:20.378,8.75203,8.75367,1.00,1.00
2015.11.06 14:09:20.720,8.75203,8.75357,1.00,1.00
2015.11.06 14:09:20.960,8.75197,8.75369,1.00,1.00
2015.11.06 14:09:21.011,8.75197,8.75377,1.00,1.00
2015.11.06 14:09:21.062,8.75197,8.75397,1.00,1.00
2015.11.06 14:09:21.113,8.75227,8.75397,1.00,1.00
2015.11.06 14:09:21.163,8.75227,8.75409,1.00,1.00
2015.11.06 14:09:21.214,8.7519,8.75409,1.00,1.00
2015.11.06 14:09:21.265,8.7519,8.75382,1.00,1.00
2015.11.06 14:09:21.568,8.75143,8.75275,1.00,1.00
2015.11.06 14:09:21.738,8.75128,8.75275,1.00,1.00
2015.11.06 14:09:21.789,8.75128,8.75295,1.00,1.00
2015.11.06 14:09:21.981,8.75128,8.75314,1.00,1.00
2015.11.06 14:09:22.036,8.75128,8.75282,1.00,1.00
2015.11.06 14:09:22.087,8.75099,8.75282,1.00,1.00
2015.11.06 14:09:22.290,8.7513,8.75282,1.00,1.00
2015.11.06 14:09:22.392,8.7513,8.75302,1.00,1.00
2015.11.06 14:09:22.493,8.7513,8.75314,1.00,1.00
2015.11.06 14:09:22.544,8.75188,8.75314,1.00,1.00
2015.11.06 14:09:22.594,8.75188,8.75334,1.00,1.00
2015.11.06 14:09:22.695,8.75188,8.7538,1.00,1.00
2015.11.06 14:09:22.746,8.75213,8.7538,1.00,1.00
2015.11.06 14:09:22.797,8.75213,8.754,1.00,1.00
2015.11.06 14:09:22.848,8.75213,8.75415,1.00,1.00
2015.11.06 14:09:23.078,8.7525,8.75415,1.00,1.00
2015.11.06 14:09:23.230,8.7525,8.75434,1.00,1.00
2015.11.06 14:09:23.281,8.75272,8.75448,1.00,1.00
2015.11.06 14:09:23.382,8.75255,8.75448,1.00,1.00
2015.11.06 14:09:23.433,8.75258,8.75468,1.00,1.00
2015.11.06 14:09:23.534,8.75268,8.75477,1.00,1.00
2015.11.06 14:09:23.837,8.75301,8.75506,1.00,1.00
2015.11.06 14:09:24.179,8.75332,8.75536,1.00,1.00
2015.11.06 14:09:24.482,8.75348,8.75536,1.00,1.00
2015.11.06 14:09:24.804,8.75348,8.75517,1.00,1.00
2015.11.06 14:09:24.871,8.75348,8.75527,1.00,1.00
2015.11.06 14:09:25.381,8.75317,8.75527,1.00,1.00
2015.11.06 14:09:26.137,8.75358,8.75527,1.00,1.00
2015.11.06 14:09:26.298,8.75358,8.75536,1.00,1.00
2015.11.06 14:09:26.399,8.75358,8.75557,1.00,1.00
2015.11.06 14:09:26.450,8.75358,8.75547,1.00,1.00
2015.11.06 14:09:26.928,8.75341,8.75527,1.00,1.00
2015.11.06 14:09:27.412,8.75376,8.75536,1.00,1.00
2015.11.06 14:09:27.513,8.75376,8.75557,1.00,1.00
2015.11.06 14:09:27.564,8.75392,8.75557,1.00,1.00
2015.11.06 14:09:27.774,8.75392,8.75578,1.00,1.00
2015.11.06 14:09:27.825,8.75409,8.75607,1.00,1.00
2015.11.06 14:09:27.876,8.75409,8.75611,1.00,1.00
2015.11.06 14:09:28.747,8.75409,8.75607,1.00,1.00
2015.11.06 14:09:29.050,8.75436,8.75596,1.00,1.00
2015.11.06 14:09:29.101,8.75436,8.75647,1.00,1.00
2015.11.06 14:09:29.152,8.75452,8.75647,1.00,1.00
2015.11.06 14:09:29.203,8.75452,8.75658,1.00,1.00
2015.11.06 14:09:29.443,8.75469,8.75658,1.00,1.00
2015.11.06 14:09:29.544,8.75452,8.75658,1.00,1.00
2015.11.06 14:09:29.652,8.75469,8.75658,1.00,1.00
2015.11.06 14:09:29.954,8.75493,8.75658,1.00,1.00
2015.11.06 14:09:30.119,8.75477,8.75658,1.00,1.00
2015.11.06 14:09:30.538,8.7546,8.75658,1.50,1.00
2015.11.06 14:09:30.690,8.75493,8.75657,1.00,1.00
2015.11.06 14:09:30.903,8.75474,8.75658,1.00,1.00
2015.11.06 14:09:31.004,8.75481,8.75658,1.00,1.00
2015.11.06 14:09:31.537,8.75509,8.75658,1.00,1.00
2015.11.06 14:09:31.852,8.75525,8.75679,1.00,1.00
2015.11.06 14:09:32.181,8.75503,8.75679,1.00,1.00
2015.11.06 14:09:32.331,8.75511,8.75679,1.00,1.00
2015.11.06 14:09:32.539,8.75473,8.7566,1.00,1.00
2015.11.06 14:09:32.641,8.75449,8.75657,1.00,1.00
2015.11.06 14:09:33.170,8.75449,8.75639,1.00,1.00
2015.11.06 14:09:33.333,8.75425,8.75639,1.00,1.00
2015.11.06 14:09:33.495,8.75425,8.75626,1.00,1.00
2015.11.06 14:09:33.546,8.75412,8.75626,1.00,1.00
2015.11.06 14:09:33.597,8.75412,8.75617,1.00,1.50
2015.11.06 14:09:33.721,8.7539,8.75617,1.00,1.50
2015.11.06 14:09:33.772,8.75387,8.75591,1.00,1.00
2015.11.06 14:09:33.873,8.75372,8.75591,1.00,1.00
2015.11.06 14:09:33.924,8.75372,8.75587,1.00,1.00
2015.11.06 14:09:34.230,8.75368,8.75558,1.00,1.00
2015.11.06 14:09:34.539,8.75406,8.75558,1.00,1.00
2015.11.06 14:09:34.590,8.75406,8.75596,1.00,1.00
2015.11.06 14:09:34.641,8.75431,8.75596,1.00,1.00
2015.11.06 14:09:35.010,8.7541,8.75596,1.00,1.00
2015.11.06 14:09:35.202,8.7543,8.75624,1.00,1.00
2015.11.06 14:09:35.303,8.75405,8.75624,1.00,1.00
2015.11.06 14:09:35.353,8.75405,8.75615,1.00,1.00
2015.11.06 14:09:35.656,8.75341,8.7556,1.00,1.00
2015.11.06 14:09:36.634,8.75359,8.7556,1.00,1.00
2015.11.06 14:09:36.961,8.75385,8.7556,1.00,1.00
2015.11.06 14:09:37.076,8.75385,8.75592,1.00,1.00
2015.11.06 14:09:37.537,8.75429,8.75592,1.00,1.00
2015.11.06 14:09:37.588,8.75429,8.75615,1.00,1.00
2015.11.06 14:09:37.689,8.75429,8.75588,1.00,1.00
2015.11.06 14:09:37.740,8.75403,8.75588,1.00,1.00
2015.11.06 14:09:37.791,8.75412,8.75615,1.00,1.00
2015.11.06 14:09:37.841,8.75461,8.75615,1.00,1.00
2015.11.06 14:09:37.892,8.75461,8.75631,1.00,1.00
2015.11.06 14:09:38.154,8.75453,8.75631,1.00,1.00
2015.11.06 14:09:38.206,8.75453,8.75635,1.00,1.00
2015.11.06 14:09:38.307,8.75453,8.75614,1.00,1.00
2015.11.06 14:09:38.409,8.7542,8.75614,1.00,1.00
2015.11.06 14:09:39.163,8.75401,8.75614,1.00,1.00
2015.11.06 14:09:39.275,8.75409,8.75614,1.00,1.00
2015.11.06 14:09:39.719,8.7543,8.75615,1.00,1.00
2015.11.06 14:09:40.475,8.75431,8.75615,1.00,1.00
2015.11.06 14:09:40.810,8.75455,8.75633,1.00,1.00
2015.11.06 14:09:40.911,8.7544,8.75633,1.00,1.00
2015.11.06 14:09:41.480,8.75463,8.75633,1.00,1.00
2015.11.06 14:09:42.590,8.75446,8.75633,1.00,1.00
2015.11.06 14:09:42.819,8.7543,8.75633,1.50,1.00
2015.11.06 14:09:42.921,8.75446,8.75633,1.00,1.00
2015.11.06 14:09:43.589,8.7543,8.75633,1.00,1.00
2015.11.06 14:09:43.809,8.75424,8.75619,1.00,1.00
2015.11.06 14:09:44.129,8.75433,8.75633,1.00,1.00
2015.11.06 14:09:44.785,8.75439,8.75633,1.00,1.00
2015.11.06 14:09:45.120,8.75462,8.75633,1.00,1.00
2015.11.06 14:09:45.429,8.75509,8.75633,1.00,1.00
2015.11.06 14:09:45.530,8.75509,8.75659,1.00,1.00
2015.11.06 14:09:45.624,8.75468,8.75659,1.00,1.00
2015.11.06 14:09:48.739,8.75414,8.75633,1.00,1.00
2015.11.06 14:09:48.890,8.75414,8.7562,1.00,1.00
2015.11.06 14:09:48.941,8.75392,8.75602,1.00,1.00
2015.11.06 14:09:49.243,8.75415,8.7562,1.00,1.00
2015.11.06 14:09:49.496,8.75413,8.7562,1.00,1.00
2015.11.06 14:09:49.711,8.75427,8.7562,1.00,1.00
2015.11.06 14:09:49.880,8.75427,8.7563,1.00,1.00
2015.11.06 14:09:49.931,8.75413,8.7563,1.00,1.00
2015.11.06 14:09:50.434,8.75373,8.7559,1.00,1.00
2015.11.06 14:09:51.920,8.75391,8.7559,1.50,1.00
2015.11.06 14:09:51.971,8.75411,8.7563,1.00,1.00
2015.11.06 14:09:52.022,8.75432,8.7563,1.00,1.00
2015.11.06 14:09:52.335,8.75452,8.75636,1.00,1.00
2015.11.06 14:09:52.770,8.75438,8.75636,1.00,1.00
2015.11.06 14:09:53.022,8.75438,8.75633,1.00,1.00
2015.11.06 14:09:53.369,8.7542,8.75613,1.00,1.00
2015.11.06 14:09:55.925,8.75422,8.75613,1.00,1.00
2015.11.06 14:09:55.976,8.75424,8.75636,1.00,1.00
2015.11.06 14:09:56.178,8.75424,8.75643,1.00,1.00
2015.11.06 14:09:56.875,8.75394,8.75612,1.00,1.00
2015.11.06 14:09:57.182,8.75378,8.75582,1.00,1.00
2015.11.06 14:09:57.495,8.75378,8.75555,1.00,1.00
2015.11.06 14:09:57.545,8.75357,8.75555,1.00,1.00
2015.11.06 14:09:58.073,8.75367,8.75586,1.00,1.00
2015.11.06 14:09:58.536,8.75409,8.75586,1.00,1.00
2015.11.06 14:09:59.070,8.75428,8.75586,1.00,1.00
2015.11.06 14:10:00.527,8.75408,8.75586,1.00,1.00
2015.11.06 14:10:00.858,8.75425,8.75586,1.00,1.00
2015.11.06 14:10:00.909,8.75425,8.75606,1.00,1.00
2015.11.06 14:10:00.980,8.75425,8.75615,1.00,1.50
2015.11.06 14:10:02.570,8.75402,8.75615,1.00,1.50
2015.11.06 14:10:02.722,8.75376,8.75584,1.00,1.00
2015.11.06 14:10:02.823,8.75369,8.75584,1.00,1.00
2015.11.06 14:10:02.924,8.75365,8.75584,1.00,1.00
2015.11.06 14:10:03.025,8.75394,8.75584,1.00,1.00
2015.11.06 14:10:04.480,8.75427,8.75584,1.00,1.00
2015.11.06 14:10:04.581,8.75431,8.75627,1.00,1.00
2015.11.06 14:10:04.682,8.75468,8.75645,1.00,1.00
2015.11.06 14:10:04.880,8.75443,8.75645,1.00,1.00
2015.11.06 14:10:06.240,8.75443,8.7564,1.00,1.00
2015.11.06 14:10:06.569,8.75443,8.75621,1.00,1.00
2015.11.06 14:10:07.188,8.75439,8.75621,1.00,1.00
2015.11.06 14:10:07.442,8.75487,8.75621,1.00,1.00
2015.11.06 14:10:07.543,8.7547,8.75646,1.00,1.00
2015.11.06 14:10:08.119,8.7547,8.75637,1.00,1.00
2015.11.06 14:10:09.939,8.75463,8.75637,1.00,1.00
2015.11.06 14:10:10.097,8.75438,8.75637,1.00,1.00
2015.11.06 14:10:11.413,8.75438,8.75619,1.00,1.00
2015.11.06 14:10:12.139,8.75435,8.75619,1.00,1.00
2015.11.06 14:10:13.119,8.75435,8.75597,1.00,1.00
2015.11.06 14:10:13.170,8.75411,8.75577,1.00,1.00
2015.11.06 14:10:13.371,8.75361,8.75577,1.00,1.00
2015.11.06 14:10:13.827,8.75358,8.75577,1.00,1.00
2015.11.06 14:10:14.159,8.75347,8.75538,1.00,1.00
2015.11.06 14:10:15.450,8.75371,8.75538,1.00,1.00
2015.11.06 14:10:15.702,8.75347,8.75538,1.00,1.00
2015.11.06 14:10:16.870,8.75371,8.75538,1.00,1.00
2015.11.06 14:10:19.745,8.75355,8.75538,1.00,1.00
2015.11.06 14:10:20.060,8.75371,8.75538,1.00,1.00
2015.11.06 14:10:20.279,8.75355,8.75538,1.00,1.00
2015.11.06 14:10:21.163,8.75378,8.75538,1.00,1.00
2015.11.06 14:10:21.264,8.75378,8.75572,1.00,1.00
2015.11.06 14:10:21.315,8.75404,8.75572,1.00,1.00
2015.11.06 14:10:21.655,8.75431,8.75572,1.00,1.00
2015.11.06 14:10:21.706,8.75431,8.75607,1.00,1.00
2015.11.06 14:10:23.189,8.75431,8.75627,1.00,1.00
2015.11.06 14:10:23.240,8.75431,8.75631,1.00,1.00
2015.11.06 14:10:24.833,8.75469,8.75631,1.00,1.00
2015.11.06 14:10:26.881,8.75477,8.75631,1.00,1.00
2015.11.06 14:10:28.545,8.75452,8.75631,1.00,1.00
2015.11.06 14:10:28.695,8.75404,8.75607,1.00,1.00
2015.11.06 14:10:28.745,8.75404,8.75605,1.00,1.00
2015.11.06 14:10:29.060,8.75436,8.75605,1.00,1.00
2015.11.06 14:10:29.111,8.75436,8.75607,1.00,1.50
2015.11.06 14:10:29.349,8.7542,8.75607,1.00,1.50
2015.11.06 14:10:29.460,8.75403,8.75596,1.00,1.00
2015.11.06 14:10:29.648,8.75387,8.75542,1.00,1.00
2015.11.06 14:10:31.187,8.75422,8.75542,1.00,1.00
2015.11.06 14:10:31.288,8.75422,8.75574,1.00,1.00
2015.11.06 14:10:31.389,8.75422,8.75615,1.00,1.00
2015.11.06 14:10:31.439,8.75438,8.75615,1.00,1.00
2015.11.06 14:10:31.762,8.75454,8.75615,1.00,1.00
2015.11.06 14:10:31.966,8.75438,8.75615,1.00,1.00
2015.11.06 14:10:32.821,8.75455,8.75615,1.00,1.00
2015.11.06 14:10:33.066,8.75471,8.75643,1.00,1.00
2015.11.06 14:10:35.021,8.75462,8.75643,1.00,1.00
2015.11.06 14:10:36.047,8.7543,8.75643,1.00,1.00
2015.11.06 14:10:36.148,8.75438,8.75616,1.00,1.00
2015.11.06 14:10:36.249,8.75438,8.75637,1.00,1.00
2015.11.06 14:10:37.553,8.75438,8.75617,1.00,1.00
2015.11.06 14:10:37.851,8.75413,8.75593,1.00,1.00
2015.11.06 14:10:38.139,8.75413,8.75587,1.00,1.00
2015.11.06 14:10:38.240,8.75382,8.75577,1.00,1.00
2015.11.06 14:10:38.341,8.75382,8.75557,1.00,1.00
2015.11.06 14:10:39.123,8.75363,8.75557,1.00,1.00
2015.11.06 14:10:39.452,8.75375,8.75561,1.00,1.00
2015.11.06 14:10:39.861,8.75398,8.75561,1.00,1.00
2015.11.06 14:10:40.065,8.75398,8.7558,1.00,1.00
2015.11.06 14:10:40.116,8.75415,8.75596,1.00,1.00
2015.11.06 14:10:40.450,8.75428,8.75596,1.00,1.00
2015.11.06 14:10:40.958,8.75428,8.75616,1.00,1.00
2015.11.06 14:10:41.227,8.75428,8.75624,1.00,1.00
2015.11.06 14:10:41.658,8.75446,8.75624,1.00,1.00
2015.11.06 14:10:41.983,8.75479,8.75625,1.00,1.00
2015.11.06 14:10:42.084,8.75487,8.7565,1.00,1.00
2015.11.06 14:10:42.548,8.75503,8.7565,1.00,1.00
2015.11.06 14:10:42.858,8.7552,8.7565,1.00,1.00
2015.11.06 14:10:43.367,8.75495,8.7565,1.00,1.00
2015.11.06 14:10:43.539,8.75487,8.7565,1.00,1.00
2015.11.06 14:10:43.640,8.75487,8.75647,1.00,1.00
2015.11.06 14:10:43.820,8.75487,8.7565,1.00,1.00
2015.11.06 14:10:44.073,8.75503,8.7565,1.00,1.00
2015.11.06 14:10:44.420,8.75531,8.75657,1.00,1.00
2015.11.06 14:10:44.622,8.75558,8.75742,1.00,1.00
2015.11.06 14:10:44.723,8.75558,8.75737,1.00,1.00
2015.11.06 14:10:44.975,8.75524,8.75707,1.00,1.00
2015.11.06 14:10:45.370,8.75524,8.75697,1.00,1.00
2015.11.06 14:10:45.673,8.75514,8.75687,1.00,1.00
2015.11.06 14:10:45.875,8.755,8.75677,1.00,1.00
2015.11.06 14:10:46.039,8.755,8.75637,1.00,1.00
2015.11.06 14:10:46.089,8.75479,8.75637,1.00,1.00
2015.11.06 14:10:46.140,8.75479,8.75627,1.00,1.00
2015.11.06 14:10:46.291,8.75451,8.75627,1.00,1.00
2015.11.06 14:10:46.483,8.75451,8.75636,1.00,1.00
2015.11.06 14:10:46.533,8.75451,8.75619,1.00,1.00
2015.11.06 14:10:47.062,8.75451,8.75652,1.00,1.00
2015.11.06 14:10:47.163,8.75451,8.75647,1.00,1.00
2015.11.06 14:10:47.533,8.75433,8.75603,1.00,1.00
2015.11.06 14:10:47.735,8.75384,8.75572,1.00,1.00
2015.11.06 14:10:48.141,8.75384,8.75567,1.00,1.00
2015.11.06 14:10:48.332,8.75384,8.75572,1.00,1.00
2015.11.06 14:10:48.489,8.75384,8.75567,1.00,1.00
2015.11.06 14:10:48.848,8.75402,8.75572,1.00,1.00
2015.11.06 14:10:49.172,8.75415,8.75572,1.00,1.00
2015.11.06 14:10:49.273,8.7544,8.75634,1.00,1.00
2015.11.06 14:10:49.475,8.75423,8.75634,1.00,1.00
2015.11.06 14:10:49.526,8.75423,8.75627,1.00,1.00
2015.11.06 14:10:49.841,8.75423,8.75606,1.00,1.00
2015.11.06 14:10:50.200,8.75404,8.75578,1.00,1.00
2015.11.06 14:10:50.251,8.7543,8.75606,1.00,1.00
2015.11.06 14:10:50.354,8.75537,8.75606,1.00,1.00
2015.11.06 14:10:50.456,8.75563,8.75736,1.00,1.00
2015.11.06 14:10:50.677,8.7565,8.75736,1.00,1.00
2015.11.06 14:10:50.734,8.75679,8.75796,1.00,1.00
2015.11.06 14:10:50.786,8.75676,8.75826,1.00,1.00
2015.11.06 14:10:50.837,8.75676,8.75847,1.00,1.00
2015.11.06 14:10:50.888,8.75676,8.75854,1.00,1.00
2015.11.06 14:10:50.939,8.75676,8.75841,1.00,1.00
2015.11.06 14:10:51.091,8.75702,8.75877,1.00,1.00
2015.11.06 14:10:51.192,8.75702,8.75867,1.00,1.00
2015.11.06 14:10:51.594,8.75756,8.75887,1.00,1.00
2015.11.06 14:10:51.648,8.75756,8.75914,1.00,1.00
2015.11.06 14:10:52.239,8.75796,8.75914,1.00,1.00
2015.11.06 14:10:52.963,8.75796,8.75907,1.00,1.00
2015.11.06 14:10:53.118,8.75796,8.75914,1.00,1.00
2015.11.06 14:10:53.941,8.75754,8.75914,1.00,1.00
2015.11.06 14:10:53.996,8.75761,8.75914,1.00,1.00
2015.11.06 14:10:54.100,8.75729,8.75914,1.00,1.00
2015.11.06 14:10:54.201,8.75729,8.75887,1.00,1.00
2015.11.06 14:10:54.505,8.75744,8.75887,1.00,1.00
2015.11.06 14:10:54.830,8.75748,8.75887,1.00,1.00
2015.11.06 14:10:55.318,8.75725,8.75887,1.00,1.00
2015.11.06 14:10:55.420,8.75773,8.75887,1.00,1.00
2015.11.06 14:10:55.471,8.75773,8.75907,1.00,1.00
2015.11.06 14:10:55.522,8.75814,8.75907,1.00,1.00
2015.11.06 14:10:55.573,8.75814,8.75971,1.00,1.00
2015.11.06 14:10:55.624,8.7583,8.75971,1.00,1.00
2015.11.06 14:10:55.762,8.7583,8.75991,1.00,1.00
2015.11.06 14:10:55.917,8.7583,8.76004,1.00,1.00
2015.11.06 14:10:55.972,8.75844,8.76004,1.00,1.00
2015.11.06 14:10:56.759,8.75874,8.76004,1.00,1.00
2015.11.06 14:10:56.974,8.7595,8.761,1.00,1.00
2015.11.06 14:10:57.075,8.75977,8.761,1.00,1.00
2015.11.06 14:10:57.290,8.75946,8.761,1.00,1.00
2015.11.06 14:10:57.493,8.75896,8.761,1.00,1.00
2015.11.06 14:10:57.544,8.75896,8.76082,1.00,1.00
2015.11.06 14:10:57.889,8.75882,8.76042,1.00,1.00
2015.11.06 14:10:58.191,8.75849,8.76042,1.00,1.00
2015.11.06 14:10:58.242,8.75849,8.76007,1.00,1.00
2015.11.06 14:10:58.293,8.75787,8.75976,1.00,1.00
2015.11.06 14:10:58.394,8.75758,8.75928,1.00,1.00
2015.11.06 14:10:58.742,8.75738,8.75888,1.00,1.00
2015.11.06 14:10:59.168,8.75716,8.75888,1.00,1.00
2015.11.06 14:10:59.219,8.75716,8.75855,1.00,1.00
2015.11.06 14:10:59.370,8.75708,8.75855,1.00,1.00
2015.11.06 14:10:59.694,8.75708,8.75875,1.00,1.00
2015.11.06 14:10:59.745,8.75708,8.75884,1.00,1.00
2015.11.06 14:11:00.783,8.75731,8.75884,1.00,1.00
2015.11.06 14:11:01.093,8.75731,8.75904,1.00,1.00
2015.11.06 14:11:01.158,8.75731,8.75917,1.00,1.00
2015.11.06 14:11:01.394,8.75731,8.75884,1.00,1.00
2015.11.06 14:11:01.496,8.75711,8.75884,1.00,1.00
2015.11.06 14:11:01.693,8.75694,8.75884,1.00,1.00
2015.11.06 14:11:02.237,8.75719,8.75884,1.00,1.00
2015.11.06 14:11:02.338,8.75719,8.75916,1.00,1.00
2015.11.06 14:11:02.593,8.75719,8.75876,1.00,1.00
2015.11.06 14:11:02.797,8.75678,8.75838,1.00,1.00
2015.11.06 14:11:02.898,8.75662,8.75838,1.00,1.00
2015.11.06 14:11:03.118,8.75684,8.75838,1.00,1.00
2015.11.06 14:11:03.220,8.75643,8.75837,1.00,1.00
2015.11.06 14:11:03.321,8.75643,8.75806,1.00,1.00
2015.11.06 14:11:03.643,8.75625,8.75773,1.00,1.00
2015.11.06 14:11:03.694,8.75608,8.75773,1.00,1.00
2015.11.06 14:11:03.745,8.75611,8.75798,1.00,1.00
2015.11.06 14:11:03.796,8.75649,8.75798,1.00,1.00
2015.11.06 14:11:04.144,8.75679,8.75827,1.00,1.00
2015.11.06 14:11:04.760,8.75662,8.75827,1.00,1.00
2015.11.06 14:11:05.452,8.75642,8.75825,1.00,1.00
2015.11.06 14:11:05.543,8.75642,8.75827,1.00,1.00
2015.11.06 14:11:05.644,8.75617,8.75827,1.00,1.00
2015.11.06 14:11:05.745,8.75617,8.75794,1.00,1.00
2015.11.06 14:11:05.855,8.75604,8.75794,1.00,1.00
2015.11.06 14:11:06.057,8.75604,8.75784,1.00,1.00
2015.11.06 14:11:06.360,8.75645,8.75794,1.00,1.00
2015.11.06 14:11:06.746,8.75628,8.75794,1.00,1.00
2015.11.06 14:11:06.999,8.75612,8.75794,1.00,1.00
2015.11.06 14:11:07.049,8.75612,8.75777,1.00,1.00
2015.11.06 14:11:07.100,8.75587,8.75777,1.00,1.00
2015.11.06 14:11:07.151,8.75587,8.75754,1.00,1.00
2015.11.06 14:11:07.314,8.75563,8.75754,1.00,1.00
2015.11.06 14:11:07.365,8.75563,8.75748,1.00,1.00
2015.11.06 14:11:07.416,8.7555,8.75748,1.00,1.00
2015.11.06 14:11:07.466,8.7555,8.75713,1.00,1.00
2015.11.06 14:11:07.863,8.75581,8.75713,1.00,1.00
2015.11.06 14:11:08.065,8.75654,8.75803,1.00,1.00
2015.11.06 14:11:08.166,8.75658,8.75835,1.00,1.00
2015.11.06 14:11:08.216,8.75658,8.75833,1.00,1.00
2015.11.06 14:11:08.267,8.75658,8.75835,1.00,1.00
2015.11.06 14:11:08.469,8.75658,8.75811,1.00,1.00
2015.11.06 14:11:08.805,8.75663,8.75835,1.00,1.00
2015.11.06 14:11:10.382,8.75692,8.75835,1.00,1.00
2015.11.06 14:11:10.902,8.75692,8.75887,1.00,1.00
2015.11.06 14:11:10.953,8.75709,8.75887,1.00,1.00
2015.11.06 14:11:11.004,8.75709,8.75907,1.00,1.00
2015.11.06 14:11:11.110,8.75709,8.75897,1.00,1.00
2015.11.06 14:11:11.438,8.75733,8.75867,1.00,1.00
2015.11.06 14:11:11.797,8.75707,8.75867,1.00,1.00
2015.11.06 14:11:11.899,8.75707,8.75857,1.00,1.00
2015.11.06 14:11:12.232,8.75707,8.75846,1.00,1.00
2015.11.06 14:11:12.608,8.7569,8.75847,1.00,1.00
2015.11.06 14:11:12.659,8.7569,8.75879,1.00,1.00
2015.11.06 14:11:12.710,8.75756,8.75899,1.00,1.00
2015.11.06 14:11:12.905,8.75732,8.75897,1.00,1.00
2015.11.06 14:11:13.007,8.75732,8.75874,1.00,1.00
2015.11.06 14:11:13.360,8.75718,8.75874,1.00,1.00
2015.11.06 14:11:13.562,8.75732,8.75874,1.00,1.00
2015.11.06 14:11:13.612,8.75732,8.75877,1.00,1.00
2015.11.06 14:11:13.663,8.75705,8.75839,1.00,1.00
2015.11.06 14:11:13.879,8.75665,8.75848,1.00,1.00
2015.11.06 14:11:13.930,8.75665,8.75834,1.00,1.00
2015.11.06 14:11:14.233,8.75652,8.75834,1.00,1.00
2015.11.06 14:11:14.680,8.75652,8.75829,1.00,1.00
2015.11.06 14:11:14.730,8.75652,8.75834,1.00,1.00
2015.11.06 14:11:14.946,8.75652,8.75798,1.00,1.00
2015.11.06 14:11:15.413,8.75652,8.75818,1.00,1.00
2015.11.06 14:11:15.464,8.7563,8.75828,1.00,1.50
2015.11.06 14:11:15.565,8.75646,8.75828,1.00,1.50
2015.11.06 14:11:16.010,8.75665,8.75828,1.00,1.50
2015.11.06 14:11:16.061,8.75665,8.75842,1.00,1.00
2015.11.06 14:11:16.162,8.75665,8.75879,1.00,1.00
2015.11.06 14:11:16.212,8.75705,8.75879,1.00,1.00
2015.11.06 14:11:16.520,8.75723,8.75879,1.00,1.00
2015.11.06 14:11:17.323,8.75759,8.75879,1.00,1.00
2015.11.06 14:11:17.474,8.75759,8.75914,1.00,1.00
2015.11.06 14:11:18.639,8.75744,8.75914,1.00,1.00
2015.11.06 14:11:19.357,8.75744,8.75934,1.00,1.50
2015.11.06 14:11:19.409,8.75766,8.75934,1.00,1.00
2015.11.06 14:11:19.461,8.75766,8.75947,1.00,1.00
2015.11.06 14:11:19.612,8.75799,8.75956,1.00,1.00
2015.11.06 14:11:19.714,8.75783,8.75956,1.00,1.00
2015.11.06 14:11:19.866,8.75764,8.75956,1.00,1.00
2015.11.06 14:11:19.967,8.75767,8.75971,1.00,1.00
2015.11.06 14:11:20.018,8.75767,8.75986,1.00,1.00
2015.11.06 14:11:20.069,8.75772,8.75986,1.00,1.00
2015.11.06 14:11:20.374,8.75805,8.75986,1.00,1.00
2015.11.06 14:11:21.581,8.75805,8.75977,1.00,1.00
2015.11.06 14:11:21.822,8.75823,8.75997,1.00,1.00
2015.11.06 14:11:21.873,8.75823,8.76006,1.00,1.00
2015.11.06 14:11:21.924,8.75833,8.76006,1.00,1.00
2015.11.06 14:11:22.149,8.75811,8.76006,1.00,1.00
2015.11.06 14:11:22.200,8.75811,8.75996,1.00,1.00
2015.11.06 14:11:22.251,8.75796,8.75996,1.00,1.00
2015.11.06 14:11:22.352,8.75796,8.75973,1.00,1.00
2015.11.06 14:11:22.604,8.75778,8.75973,1.00,1.00
2015.11.06 14:11:22.808,8.75778,8.75957,1.00,1.00
2015.11.06 14:11:23.335,8.75787,8.75957,1.00,1.00
2015.11.06 14:11:23.638,8.75918,8.76002,1.00,1.00
2015.11.06 14:11:23.773,8.75935,8.76092,1.00,1.00
2015.11.06 14:11:23.874,8.75891,8.76061,1.00,1.00
2015.11.06 14:11:24.032,8.75891,8.76037,1.00,1.00
2015.11.06 14:11:24.133,8.7588,8.76057,1.00,1.00
2015.11.06 14:11:24.375,8.7588,8.76061,1.00,1.00
2015.11.06 14:11:24.476,8.7591,8.76061,1.00,1.00
2015.11.06 14:11:24.678,8.75886,8.76061,1.00,1.00
2015.11.06 14:11:25.029,8.75865,8.76061,1.00,1.00
2015.11.06 14:11:25.079,8.75865,8.76023,1.00,1.00
2015.11.06 14:11:25.233,8.75841,8.76023,1.00,1.00
2015.11.06 14:11:25.470,8.75824,8.7599,1.00,1.00
2015.11.06 14:11:25.571,8.758,8.7599,1.00,1.00
2015.11.06 14:11:25.672,8.758,8.75987,1.00,1.00
2015.11.06 14:11:25.773,8.75784,8.75978,1.00,1.00
2015.11.06 14:11:25.875,8.75784,8.75967,1.00,1.00
2015.11.06 14:11:26.181,8.75784,8.75958,1.00,1.00
2015.11.06 14:11:26.980,8.75768,8.75925,1.00,1.00
2015.11.06 14:11:27.234,8.75743,8.75925,1.00,1.00
2015.11.06 14:11:27.335,8.75719,8.75925,1.00,1.00
2015.11.06 14:11:27.538,8.75706,8.75917,1.00,1.00
2015.11.06 14:11:27.589,8.75698,8.75892,1.00,1.00
2015.11.06 14:11:27.930,8.75747,8.75892,1.00,1.00
2015.11.06 14:11:28.186,8.75706,8.75892,1.00,1.00
2015.11.06 14:11:28.659,8.75706,8.75876,1.00,1.00
2015.11.06 14:11:29.069,8.75722,8.75896,1.00,1.00
2015.11.06 14:11:29.120,8.75722,8.75914,1.00,1.00
2015.11.06 14:11:29.221,8.75747,8.75927,1.00,1.00
2015.11.06 14:11:29.539,8.75763,8.75933,1.00,1.00
2015.11.06 14:11:29.845,8.7578,8.75907,1.00,1.00
2015.11.06 14:11:30.136,8.7578,8.75927,1.00,1.00
2015.11.06 14:11:30.288,8.7578,8.75917,1.00,1.00
2015.11.06 14:11:30.390,8.7578,8.75937,1.00,1.00
2015.11.06 14:11:31.399,8.7578,8.75907,1.00,1.00
2015.11.06 14:11:31.600,8.75751,8.75907,1.00,1.00
2015.11.06 14:11:31.701,8.75735,8.75873,1.00,1.00
2015.11.06 14:11:31.803,8.75735,8.75905,1.00,1.00
2015.11.06 14:11:31.853,8.75751,8.75897,1.00,1.00
2015.11.06 14:11:31.954,8.75751,8.75905,1.00,1.00
2015.11.06 14:11:32.055,8.75773,8.75905,1.00,1.00
2015.11.06 14:11:32.468,8.75788,8.75905,1.00,1.00
2015.11.06 14:11:33.257,8.75766,8.75905,1.00,1.00
2015.11.06 14:11:33.348,8.75748,8.75905,1.00,1.00
2015.11.06 14:11:33.587,8.75763,8.75905,1.00,1.00
2015.11.06 14:11:34.560,8.75741,8.75905,1.00,1.00
2015.11.06 14:11:34.698,8.75718,8.75905,1.00,1.00
2015.11.06 14:11:34.900,8.75692,8.75874,1.00,1.00
2015.11.06 14:11:35.208,8.75695,8.75874,1.00,1.00
2015.11.06 14:11:35.477,8.75677,8.75874,1.00,1.00
2015.11.06 14:11:35.689,8.75694,8.75874,1.00,1.00
2015.11.06 14:11:36.030,8.75711,8.75874,1.00,1.00
2015.11.06 14:11:36.333,8.75686,8.75874,1.00,1.00
2015.11.06 14:11:36.383,8.75686,8.75871,1.00,1.00
2015.11.06 14:11:36.535,8.75702,8.75894,1.00,1.00
2015.11.06 14:11:36.636,8.75702,8.75915,1.00,1.00
2015.11.06 14:11:36.687,8.75752,8.75915,1.00,1.00
2015.11.06 14:11:36.797,8.75735,8.75915,1.00,1.00
2015.11.06 14:11:37.089,8.75751,8.75915,1.00,1.00
2015.11.06 14:11:37.139,8.75751,8.75935,1.00,1.00
2015.11.06 14:11:37.190,8.75751,8.75947,1.00,1.00
2015.11.06 14:11:38.097,8.75766,8.75947,1.00,1.00
2015.11.06 14:11:38.423,8.75793,8.75947,1.00,1.00
2015.11.06 14:11:38.526,8.75793,8.75967,1.00,1.00
2015.11.06 14:11:38.577,8.75793,8.75975,1.00,1.00
2015.11.06 14:11:38.679,8.75785,8.75975,1.00,1.00
2015.11.06 14:11:39.136,8.75811,8.75975,1.00,1.00
2015.11.06 14:11:39.884,8.7579,8.75975,1.00,1.00
2015.11.06 14:11:40.653,8.75811,8.75975,1.00,1.00
2015.11.06 14:11:40.855,8.75811,8.75987,1.00,1.00
2015.11.06 14:11:40.906,8.75786,8.75987,1.00,1.00
2015.11.06 14:11:40.956,8.75786,8.75969,1.00,1.00
2015.11.06 14:11:41.204,8.75778,8.75967,1.00,1.00
2015.11.06 14:11:41.817,8.75778,8.75969,1.00,1.00
2015.11.06 14:11:42.067,8.75798,8.75969,1.00,1.00
2015.11.06 14:11:42.359,8.7578,8.75969,1.00,1.00
2015.11.06 14:11:42.511,8.75812,8.75969,1.00,1.00
2015.11.06 14:11:42.814,8.75824,8.75969,1.00,1.00
2015.11.06 14:11:42.864,8.75783,8.75969,1.00,1.00
2015.11.06 14:11:43.066,8.75808,8.75969,1.00,1.00
2015.11.06 14:11:43.218,8.75783,8.75969,1.00,1.00
2015.11.06 14:11:43.278,8.75798,8.75969,1.00,1.00
2015.11.06 14:11:43.588,8.75798,8.75967,1.00,1.00
2015.11.06 14:11:43.748,8.75785,8.75963,1.00,1.00
2015.11.06 14:11:43.950,8.75769,8.75957,1.00,1.00
2015.11.06 14:11:44.057,8.75756,8.75937,1.00,1.00
2015.11.06 14:11:44.494,8.75756,8.75926,1.00,1.00
2015.11.06 14:11:44.595,8.75756,8.75937,1.00,1.00
2015.11.06 14:11:44.646,8.75718,8.7592,1.00,1.00
2015.11.06 14:11:44.697,8.75717,8.75904,1.00,1.00
2015.11.06 14:11:44.999,8.75717,8.75877,1.00,1.00
2015.11.06 14:11:45.427,8.75717,8.7586,1.00,1.00
2015.11.06 14:11:45.939,8.75692,8.7586,1.00,1.00
2015.11.06 14:11:46.171,8.75709,8.75883,1.00,1.00
2015.11.06 14:11:46.273,8.75725,8.75904,1.00,1.00
2015.11.06 14:11:46.374,8.75725,8.75883,1.00,1.00
2015.11.06 14:11:46.476,8.75709,8.75883,1.00,1.00
2015.11.06 14:11:46.577,8.75711,8.75883,1.00,1.00
2015.11.06 14:11:47.585,8.75698,8.75846,1.00,1.00
2015.11.06 14:11:47.686,8.75685,8.75846,1.00,1.00
2015.11.06 14:11:47.737,8.75685,8.75821,1.00,1.00
2015.11.06 14:11:47.788,8.75653,8.75796,1.00,1.00
2015.11.06 14:11:48.032,8.75584,8.75782,1.00,1.00
2015.11.06 14:11:48.083,8.75584,8.75762,1.00,1.00
2015.11.06 14:11:48.388,8.75584,8.7576,1.00,1.00
2015.11.06 14:11:48.729,8.75591,8.7576,1.00,1.00
2015.11.06 14:11:48.937,8.75565,8.75753,1.00,1.00
2015.11.06 14:11:49.031,8.75543,8.75714,1.00,1.00
2015.11.06 14:11:49.082,8.75508,8.75694,1.00,1.00
2015.11.06 14:11:49.133,8.75508,8.75687,1.00,1.00
2015.11.06 14:11:49.235,8.75491,8.75687,1.00,1.00
2015.11.06 14:11:49.336,8.75491,8.75662,1.00,1.00
2015.11.06 14:11:49.599,8.75474,8.75662,1.00,1.50
2015.11.06 14:11:50.010,8.75474,8.75642,1.00,1.00
2015.11.06 14:11:50.335,8.75509,8.75642,1.00,1.00
2015.11.06 14:11:50.537,8.75509,8.75662,1.00,1.50
2015.11.06 14:11:50.691,8.75509,8.75682,1.00,1.00
2015.11.06 14:11:50.842,8.75509,8.75657,1.00,1.00
2015.11.06 14:11:50.893,8.75487,8.75657,1.00,1.00
2015.11.06 14:11:51.338,8.75487,8.75663,1.00,1.50
2015.11.06 14:11:53.577,8.7549,8.75663,1.00,1.50
2015.11.06 14:11:53.903,8.75542,8.75663,1.00,1.00
2015.11.06 14:11:54.005,8.75542,8.75708,1.00,1.00
2015.11.06 14:11:54.106,8.7559,8.75708,1.00,1.00
2015.11.06 14:11:54.207,8.75627,8.7578,1.00,1.50
2015.11.06 14:11:54.532,8.75627,8.75808,1.00,1.00
2015.11.06 14:11:54.802,8.75627,8.75801,1.00,1.00
2015.11.06 14:11:55.401,8.75627,8.75783,1.00,1.00
2015.11.06 14:11:55.452,8.75627,8.75787,1.00,1.00
2015.11.06 14:11:55.503,8.75606,8.75787,1.00,1.00
2015.11.06 14:11:55.553,8.75606,8.75758,1.00,1.00
2015.11.06 14:11:55.736,8.75566,8.75735,1.00,1.00
2015.11.06 14:11:55.787,8.75566,8.75733,1.00,1.00
2015.11.06 14:11:56.121,8.75566,8.75714,1.00,1.00
2015.11.06 14:11:56.605,8.75554,8.75714,1.00,1.00
2015.11.06 14:11:57.359,8.75569,8.75714,1.00,1.00
2015.11.06 14:11:58.504,8.75538,8.75714,1.00,1.00
2015.11.06 14:11:58.610,8.75538,8.75707,1.00,1.00
2015.11.06 14:11:58.914,8.7557,8.75687,1.00,1.00
2015.11.06 14:11:59.075,8.7557,8.75712,1.00,1.00
2015.11.06 14:12:00.337,8.75552,8.75712,1.00,1.00
2015.11.06 14:12:00.438,8.75552,8.75727,1.00,1.00
2015.11.06 14:12:00.691,8.75573,8.75727,1.00,1.00
2015.11.06 14:12:01.984,8.7555,8.75727,1.00,1.00
2015.11.06 14:12:02.136,8.75523,8.75699,1.00,1.00
2015.11.06 14:12:02.462,8.75488,8.75679,1.00,1.00
2015.11.06 14:12:02.513,8.75488,8.75657,1.00,1.00
2015.11.06 14:12:02.564,8.75472,8.75657,1.00,1.00
2015.11.06 14:12:02.967,8.75472,8.75636,1.00,1.00
2015.11.06 14:12:03.278,8.75472,8.75596,1.00,1.00
2015.11.06 14:12:03.569,8.75513,8.75664,1.00,1.00
2015.11.06 14:12:03.620,8.75513,8.75658,1.00,1.00
2015.11.06 14:12:03.771,8.75454,8.75658,1.00,1.00
2015.11.06 14:12:03.923,8.75454,8.75615,1.00,1.00
2015.11.06 14:12:03.974,8.75407,8.75615,1.00,1.00
2015.11.06 14:12:04.024,8.75407,8.75594,1.00,1.00
2015.11.06 14:12:04.132,8.75403,8.75594,1.00,1.00
2015.11.06 14:12:04.183,8.75376,8.75593,1.00,1.00
2015.11.06 14:12:04.334,8.75353,8.75568,1.00,1.00
2015.11.06 14:12:04.769,8.75353,8.7556,1.00,1.00
2015.11.06 14:12:04.870,8.75349,8.7556,1.00,1.00
2015.11.06 14:12:05.072,8.75313,8.75528,1.00,1.00
2015.11.06 14:12:05.123,8.75311,8.75528,1.00,1.00
2015.11.06 14:12:05.174,8.75309,8.75516,1.00,1.00
2015.11.06 14:12:05.533,8.75286,8.75474,1.00,1.00
2015.11.06 14:12:06.298,8.75263,8.75474,1.00,1.00
2015.11.06 14:12:07.006,8.75257,8.75467,1.00,1.00
2015.11.06 14:12:07.309,8.7531,8.75492,1.00,1.00
2015.11.06 14:12:07.410,8.7533,8.75521,1.00,1.00
2015.11.06 14:12:07.796,8.75365,8.75521,1.00,1.00
2015.11.06 14:12:08.185,8.75365,8.7554,1.00,1.00
2015.11.06 14:12:08.336,8.75365,8.75559,1.00,1.00
2015.11.06 14:12:09.222,8.75365,8.75579,1.00,1.00
2015.11.06 14:12:10.152,8.75375,8.75579,1.00,1.00
2015.11.06 14:12:10.404,8.754,8.75608,1.00,1.00
2015.11.06 14:12:11.286,8.754,8.75589,1.00,1.00
2015.11.06 14:12:11.387,8.7535,8.75546,1.00,1.00
2015.11.06 14:12:11.488,8.75327,8.75523,1.00,1.00
2015.11.06 14:12:11.589,8.75294,8.75513,1.00,1.00
2015.11.06 14:12:11.640,8.75294,8.755,1.00,1.00
2015.11.06 14:12:13.536,8.75308,8.755,1.00,1.00
2015.11.06 14:12:13.587,8.75308,8.75513,1.00,1.00
2015.11.06 14:12:13.789,8.75294,8.75513,1.00,1.00
2015.11.06 14:12:13.924,8.75303,8.75513,1.00,1.00
2015.11.06 14:12:14.269,8.75327,8.75517,1.00,1.00
