2016.05.03 02:00:03.957,7.95643,7.95897,1.07,1.00
2016.05.03 02:00:04.103,7.95653,7.95897,1.00,1.00
2016.05.03 02:00:04.158,7.95633,7.95897,1.37,1.00
2016.05.03 02:00:04.262,7.95633,7.95897,1.00,1.00
2016.05.03 02:00:04.819,7.95634,7.95897,1.00,1.00
2016.05.03 02:00:06.867,7.95613,7.95897,1.12,1.00
2016.05.03 02:00:06.918,7.95613,7.95897,1.00,1.00
2016.05.03 02:00:07.078,7.95603,7.95897,1.00,1.00
2016.05.03 02:00:07.230,7.95594,7.95877,1.00,1.00
2016.05.03 02:00:07.382,7.95584,7.95877,1.00,1.00
2016.05.03 02:00:07.594,7.95573,7.95877,1.00,1.00
2016.05.03 02:00:07.764,7.95584,7.95877,1.00,1.00
2016.05.03 02:00:08.265,7.95573,7.95877,1.00,1.00
2016.05.03 02:00:08.398,7.95563,7.95877,1.50,1.00
2016.05.03 02:00:10.472,7.95573,7.95877,1.00,1.00
2016.05.03 02:00:11.190,7.95583,7.95877,1.00,1.00
2016.05.03 02:00:12.870,7.95573,7.95877,1.00,1.00
2016.05.03 02:00:13.694,7.95584,7.95877,1.00,1.00
2016.05.03 02:00:17.252,7.95584,7.95837,1.00,1.00
2016.05.03 02:00:23.996,7.95573,7.95837,1.00,1.00
2016.05.03 02:00:24.184,7.95583,7.95837,1.00,1.00
2016.05.03 02:00:24.589,7.95573,7.95837,1.00,1.00
2016.05.03 02:00:26.363,7.95583,7.95837,1.00,1.00
2016.05.03 02:00:27.179,7.95583,7.95816,1.00,1.00
2016.05.03 02:00:28.829,7.95573,7.95816,1.00,1.00
2016.05.03 02:00:28.930,7.95563,7.95816,1.37,1.00
2016.05.03 02:00:44.168,7.95523,7.95816,1.37,1.00
2016.05.03 02:00:44.827,7.95553,7.95816,1.37,1.00
2016.05.03 02:00:45.586,7.95564,7.95816,1.00,1.00
2016.05.03 02:00:46.101,7.95573,7.95816,1.00,1.00
2016.05.03 02:00:46.427,7.95583,7.95816,1.00,1.00
2016.05.03 02:00:47.302,7.95583,7.95837,1.00,1.00
2016.05.03 02:00:53.103,7.95593,7.95837,1.00,1.00
2016.05.03 02:00:56.273,7.95583,7.95837,1.00,1.00
2016.05.03 02:00:56.375,7.95593,7.95837,1.00,1.00
2016.05.03 02:00:56.653,7.95583,7.95837,1.00,1.00
2016.05.03 02:00:57.075,7.95573,7.95837,1.00,1.00
2016.05.03 02:00:57.204,7.95573,7.95847,1.00,1.00
2016.05.03 02:00:57.410,7.95583,7.95847,1.00,1.00
2016.05.03 02:00:57.512,7.95573,7.95847,1.00,1.00
2016.05.03 02:00:57.705,7.95563,7.95847,1.00,1.00
2016.05.03 02:00:57.912,7.95574,7.95847,1.00,1.00
2016.05.03 02:00:58.491,7.95573,7.95847,1.00,1.00
2016.05.03 02:01:00.089,7.95563,7.95847,1.00,1.00
2016.05.03 02:01:00.403,7.95553,7.95847,1.00,1.00
2016.05.03 02:01:00.504,7.95563,7.95847,1.00,1.00
2016.05.03 02:01:01.090,7.95553,7.95847,1.00,1.00
2016.05.03 02:01:02.002,7.95563,7.95847,1.00,1.00
2016.05.03 02:01:06.999,7.95553,7.95847,1.00,1.00
2016.05.03 02:01:07.248,7.95553,7.95827,1.00,1.00
2016.05.03 02:01:11.238,7.95544,7.95827,1.00,1.00
2016.05.03 02:01:12.828,7.95563,7.95827,1.00,1.00
2016.05.03 02:01:12.880,7.95553,7.95827,1.00,1.00
2016.05.03 02:01:12.931,7.95573,7.95827,1.00,1.00
2016.05.03 02:01:13.514,7.95583,7.95827,1.00,1.00
2016.05.03 02:01:17.241,7.95583,7.95837,1.00,1.00
2016.05.03 02:01:23.028,7.95573,7.95837,1.00,1.00
2016.05.03 02:01:24.423,7.95563,7.95837,1.00,1.00
2016.05.03 02:01:24.693,7.95574,7.95837,1.00,1.00
2016.05.03 02:01:25.304,7.95573,7.95837,1.00,1.00
2016.05.03 02:01:27.177,7.95573,7.95847,1.00,1.00
2016.05.03 02:01:29.139,7.95563,7.95847,1.00,1.00
2016.05.03 02:01:29.646,7.95553,7.95847,1.00,1.00
2016.05.03 02:01:30.141,7.95583,7.95847,1.00,1.00
2016.05.03 02:01:32.144,7.95573,7.95847,1.00,1.00
2016.05.03 02:01:37.238,7.95573,7.95837,1.00,1.00
2016.05.03 02:01:45.143,7.95583,7.95837,1.00,1.00
2016.05.03 02:01:47.236,7.95583,7.95847,1.00,1.00
2016.05.03 02:01:50.894,7.95573,7.95847,1.00,1.00
2016.05.03 02:01:59.858,7.95583,7.95847,1.00,1.00
2016.05.03 02:02:00.161,7.95593,7.95847,1.00,1.00
2016.05.03 02:02:02.762,7.95603,7.95847,1.00,1.00
2016.05.03 02:02:06.187,7.95613,7.95847,1.00,1.00
2016.05.03 02:02:07.225,7.95613,7.95867,1.00,1.00
2016.05.03 02:02:07.574,7.95593,7.95867,1.00,1.00
2016.05.03 02:02:08.679,7.95603,7.95867,1.00,1.00
2016.05.03 02:02:12.078,7.95593,7.95867,1.00,1.00
2016.05.03 02:02:12.294,7.95583,7.95867,1.00,1.00
2016.05.03 02:02:12.690,7.95573,7.95867,1.00,1.00
2016.05.03 02:02:13.208,7.95584,7.95867,1.00,1.00
2016.05.03 02:02:14.810,7.95573,7.95867,1.00,1.00
2016.05.03 02:02:17.268,7.95573,7.95847,1.00,1.00
2016.05.03 02:02:19.908,7.95574,7.95847,1.00,1.00
2016.05.03 02:02:24.696,7.95593,7.95847,1.00,1.00
2016.05.03 02:02:25.212,7.95583,7.95847,1.00,1.00
2016.05.03 02:02:25.621,7.95573,7.95847,1.00,1.00
2016.05.03 02:02:27.175,7.95573,7.95857,1.00,1.00
2016.05.03 02:02:36.871,7.95583,7.95857,1.00,1.00
2016.05.03 02:02:36.972,7.95573,7.95857,1.00,1.00
2016.05.03 02:02:38.247,7.95563,7.95857,1.00,1.00
2016.05.03 02:02:38.484,7.95553,7.95857,1.37,1.00
2016.05.03 02:02:39.014,7.95553,7.95857,1.00,1.00
2016.05.03 02:02:39.751,7.95563,7.95857,1.00,1.00
2016.05.03 02:02:41.746,7.95553,7.95857,1.00,1.00
2016.05.03 02:02:43.848,7.95563,7.95857,1.00,1.00
2016.05.03 02:02:43.961,7.95554,7.95857,1.00,1.00
2016.05.03 02:02:46.053,7.95563,7.95857,1.00,1.00
2016.05.03 02:02:46.982,7.95573,7.95857,1.00,1.00
2016.05.03 02:02:47.341,7.95573,7.95837,1.00,1.00
2016.05.03 02:02:54.063,7.95563,7.95837,1.00,1.00
2016.05.03 02:02:54.263,7.95573,7.95837,1.00,1.00
2016.05.03 02:02:57.183,7.95573,7.95827,1.00,1.00
2016.05.03 02:02:59.295,7.95563,7.95827,1.00,1.00
2016.05.03 02:03:02.049,7.95553,7.95827,1.00,1.00
2016.05.03 02:03:05.947,7.95544,7.95827,1.00,1.00
2016.05.03 02:03:07.232,7.95544,7.95817,1.00,1.00
2016.05.03 02:03:08.239,7.95543,7.95817,1.00,1.00
2016.05.03 02:03:14.745,7.95553,7.95817,1.00,1.00
2016.05.03 02:03:17.224,7.95553,7.95807,1.00,1.00
2016.05.03 02:03:18.752,7.95543,7.95807,1.00,1.00
2016.05.03 02:03:21.851,7.95554,7.95807,1.00,1.00
2016.05.03 02:03:23.152,7.95543,7.95807,1.00,1.00
2016.05.03 02:03:25.150,7.95553,7.95807,1.00,1.00
2016.05.03 02:03:25.535,7.95563,7.95807,1.00,1.00
2016.05.03 02:03:27.264,7.95563,7.95817,1.00,1.00
2016.05.03 02:03:29.249,7.95544,7.95817,1.00,1.00
2016.05.03 02:03:29.348,7.95533,7.95817,1.00,1.00
2016.05.03 02:03:29.849,7.95553,7.95817,1.00,1.00
2016.05.03 02:03:30.200,7.95573,7.95817,1.00,1.00
2016.05.03 02:03:31.451,7.95563,7.95817,1.00,1.00
2016.05.03 02:03:31.654,7.95553,7.95817,1.37,1.00
2016.05.03 02:03:31.705,7.95553,7.95817,1.00,1.00
2016.05.03 02:03:31.944,7.95543,7.95817,1.00,1.00
2016.05.03 02:03:37.210,7.95543,7.95807,1.00,1.00
2016.05.03 02:03:41.566,7.95534,7.95807,1.00,1.00
2016.05.03 02:03:41.897,7.95543,7.95807,1.00,1.00
2016.05.03 02:04:07.199,7.95543,7.95817,1.00,1.00
2016.05.03 02:04:09.267,7.95553,7.95817,1.00,1.00
2016.05.03 02:04:09.613,7.95564,7.95817,1.00,1.00
2016.05.03 02:04:10.118,7.95563,7.95817,1.00,1.00
2016.05.03 02:04:17.221,7.95563,7.95827,1.00,1.00
2016.05.03 02:04:21.121,7.95573,7.95827,1.00,1.00
2016.05.03 02:04:21.436,7.95583,7.95827,1.00,1.00
2016.05.03 02:04:22.531,7.95563,7.95827,1.00,1.00
2016.05.03 02:04:22.691,7.95543,7.95827,1.00,1.00
2016.05.03 02:04:25.567,7.95553,7.95827,1.00,1.00
2016.05.03 02:04:27.246,7.95553,7.95817,1.00,1.00
2016.05.03 02:04:29.484,7.95563,7.95817,1.00,1.00
2016.05.03 02:04:31.555,7.95573,7.95817,1.00,1.00
2016.05.03 02:04:37.170,7.95573,7.95837,1.00,1.00
2016.05.03 02:04:38.139,7.95583,7.95837,1.00,1.00
2016.05.03 02:04:47.202,7.95583,7.95847,1.00,1.00
2016.05.03 02:04:49.481,7.95573,7.95847,1.00,1.00
2016.05.03 02:04:57.228,7.95573,7.95827,1.00,1.00
2016.05.03 02:04:58.961,7.95563,7.95827,1.00,1.00
2016.05.03 02:05:02.121,7.95553,7.95827,1.00,1.00
2016.05.03 02:05:17.177,7.95553,7.95817,1.00,1.00
2016.05.03 02:05:21.673,7.95543,7.95817,1.00,1.00
2016.05.03 02:05:26.667,7.95554,7.95817,1.00,1.00
2016.05.03 02:05:27.198,7.95554,7.95816,1.00,1.00
2016.05.03 02:05:28.984,7.95564,7.95816,1.00,1.00
2016.05.03 02:05:37.220,7.95564,7.95817,1.00,1.00
2016.05.03 02:05:45.778,7.95543,7.95817,1.00,1.00
2016.05.03 02:05:45.957,7.95554,7.95817,1.00,1.00
2016.05.03 02:05:46.480,7.95544,7.95817,1.07,1.00
2016.05.03 02:05:51.009,7.95543,7.95817,1.00,1.00
2016.05.03 02:05:51.180,7.95533,7.95817,1.00,1.00
2016.05.03 02:05:51.768,7.95543,7.95817,1.00,1.00
2016.05.03 02:05:52.861,7.95534,7.95817,1.00,1.00
2016.05.03 02:05:57.261,7.95534,7.95797,1.00,1.00
2016.05.03 02:06:04.072,7.95543,7.95797,1.00,1.00
2016.05.03 02:06:07.020,7.95553,7.95797,1.00,1.00
2016.05.03 02:06:07.230,7.95553,7.95807,1.00,1.00
2016.05.03 02:06:22.390,7.95543,7.95807,1.00,1.00
2016.05.03 02:06:23.494,7.95553,7.95807,1.00,1.00
2016.05.03 02:06:31.624,7.95573,7.95807,1.00,1.00
2016.05.03 02:06:31.932,7.95583,7.95807,1.00,1.00
2016.05.03 02:06:32.280,7.95593,7.95807,1.00,1.00
2016.05.03 02:06:33.903,7.95583,7.95807,1.00,1.00
2016.05.03 02:06:37.247,7.95583,7.95837,1.00,1.00
2016.05.03 02:06:37.467,7.95593,7.95837,1.00,1.00
2016.05.03 02:06:49.269,7.95584,7.95837,1.00,1.00
2016.05.03 02:06:49.371,7.95573,7.95837,1.00,1.00
2016.05.03 02:06:49.551,7.95563,7.95837,1.00,1.00
2016.05.03 02:06:52.539,7.95553,7.95837,1.00,1.00
2016.05.03 02:06:52.641,7.95563,7.95837,1.00,1.00
2016.05.03 02:06:57.203,7.95563,7.95817,1.00,1.00
2016.05.03 02:06:57.342,7.95553,7.95817,1.00,1.00
2016.05.03 02:06:57.443,7.95563,7.95817,1.00,1.00
2016.05.03 02:07:03.493,7.95553,7.95817,1.00,1.00
2016.05.03 02:07:06.538,7.95543,7.95817,1.00,1.00
2016.05.03 02:07:06.791,7.95553,7.95817,1.00,1.00
2016.05.03 02:07:07.385,7.95553,7.95816,1.00,1.00
2016.05.03 02:07:07.601,7.95543,7.95816,1.00,1.00
2016.05.03 02:07:11.440,7.95533,7.95816,1.00,1.00
2016.05.03 02:07:14.750,7.95523,7.95816,1.00,1.00
2016.05.03 02:07:17.212,7.95523,7.95787,1.00,1.00
2016.05.03 02:07:19.587,7.95513,7.95787,1.37,1.00
2016.05.03 02:07:19.695,7.95513,7.95787,1.00,1.00
2016.05.03 02:07:19.796,7.95493,7.95787,1.00,1.00
2016.05.03 02:07:27.263,7.95493,7.95757,1.00,1.00
2016.05.03 02:07:31.653,7.95503,7.95757,1.00,1.00
2016.05.03 02:07:34.357,7.95483,7.95757,1.10,1.00
2016.05.03 02:07:34.505,7.95493,7.95757,1.00,1.00
2016.05.03 02:07:34.606,7.95484,7.95757,1.00,1.00
2016.05.03 02:07:36.560,7.95473,7.95757,1.00,1.00
2016.05.03 02:07:47.205,7.95473,7.95746,1.00,1.00
2016.05.03 02:07:54.989,7.95483,7.95746,1.00,1.00
2016.05.03 02:07:55.343,7.95493,7.95746,1.00,1.00
2016.05.03 02:07:57.237,7.95493,7.95757,1.00,1.00
2016.05.03 02:08:02.795,7.95483,7.95757,1.10,1.00
2016.05.03 02:08:04.811,7.95493,7.95757,1.00,1.00
2016.05.03 02:08:06.800,7.95513,7.95757,1.00,1.00
2016.05.03 02:08:07.166,7.95513,7.95767,1.00,1.00
2016.05.03 02:08:08.041,7.95503,7.95767,1.00,1.00
2016.05.03 02:08:08.241,7.95493,7.95767,1.00,1.00
2016.05.03 02:08:08.943,7.95503,7.95767,1.00,1.00
2016.05.03 02:08:12.557,7.95513,7.95767,1.00,1.00
2016.05.03 02:08:12.872,7.95523,7.95767,1.00,1.00
2016.05.03 02:08:14.430,7.95533,7.95767,1.00,1.00
2016.05.03 02:08:14.844,7.95523,7.95767,1.00,1.00
2016.05.03 02:08:15.147,7.95533,7.95767,1.00,1.00
2016.05.03 02:08:15.545,7.95523,7.95767,1.00,1.00
2016.05.03 02:08:15.646,7.95513,7.95767,1.00,1.00
2016.05.03 02:08:16.146,7.95523,7.95767,1.00,1.00
2016.05.03 02:08:16.662,7.95543,7.95767,1.00,1.00
2016.05.03 02:08:17.225,7.95543,7.95817,1.00,1.00
2016.05.03 02:08:22.868,7.95554,7.95817,1.00,1.00
2016.05.03 02:08:24.590,7.95563,7.95817,1.00,1.00
2016.05.03 02:08:24.895,7.95573,7.95817,1.00,1.00
2016.05.03 02:08:27.252,7.95573,7.95847,1.00,1.00
2016.05.03 02:08:32.179,7.95583,7.95847,1.00,1.00
2016.05.03 02:08:38.668,7.95593,7.95847,1.00,1.00
2016.05.03 02:08:38.846,7.95583,7.95847,1.00,1.00
2016.05.03 02:08:39.069,7.95603,7.95847,1.00,1.00
2016.05.03 02:08:39.498,7.95603,7.95847,1.07,1.00
2016.05.03 02:08:39.950,7.95594,7.95847,1.00,1.00
2016.05.03 02:08:40.051,7.95583,7.95847,1.00,1.00
2016.05.03 02:08:43.086,7.95573,7.95847,1.37,1.00
2016.05.03 02:08:43.247,7.95573,7.95847,1.00,1.00
2016.05.03 02:08:45.354,7.95563,7.95847,1.00,1.00
2016.05.03 02:08:47.166,7.95573,7.95827,1.00,1.00
2016.05.03 02:08:47.757,7.95563,7.95827,1.00,1.00
2016.05.03 02:08:51.191,7.95573,7.95827,1.00,1.00
2016.05.03 02:08:51.692,7.95564,7.95827,1.00,1.00
2016.05.03 02:08:51.794,7.95553,7.95827,1.00,1.00
2016.05.03 02:08:57.229,7.95553,7.95817,1.00,1.00
2016.05.03 02:08:59.376,7.95543,7.95817,1.00,1.00
2016.05.03 02:08:59.587,7.95533,7.95817,1.00,1.00
2016.05.03 02:09:01.877,7.95543,7.95817,1.00,1.00
2016.05.03 02:09:02.345,7.95533,7.95817,1.00,1.00
2016.05.03 02:09:02.646,7.95543,7.95817,1.00,1.00
2016.05.03 02:09:03.092,7.95533,7.95817,1.00,1.00
2016.05.03 02:09:07.203,7.95533,7.95797,1.00,1.00
2016.05.03 02:09:07.499,7.95523,7.95797,1.00,1.00
2016.05.03 02:09:09.059,7.95513,7.95797,1.00,1.00
2016.05.03 02:09:09.299,7.95503,7.95797,1.00,1.00
2016.05.03 02:09:10.597,7.95524,7.95797,1.00,1.00
2016.05.03 02:09:10.962,7.95503,7.95797,1.00,1.00
2016.05.03 02:09:11.064,7.95514,7.95797,1.00,1.00
2016.05.03 02:09:11.695,7.95503,7.95797,1.00,1.00
2016.05.03 02:09:13.002,7.95493,7.95797,1.00,1.00
2016.05.03 02:09:16.916,7.95483,7.95797,1.00,1.00
2016.05.03 02:09:17.017,7.95493,7.95797,1.00,1.00
2016.05.03 02:09:17.341,7.95493,7.95767,1.00,1.00
2016.05.03 02:09:17.470,7.95483,7.95767,1.00,1.00
2016.05.03 02:09:20.798,7.95503,7.95767,1.00,1.00
2016.05.03 02:09:22.806,7.95493,7.95767,1.00,1.00
2016.05.03 02:09:24.015,7.95463,7.95767,1.00,1.00
2016.05.03 02:09:24.066,7.95463,7.95767,1.07,1.00
2016.05.03 02:09:24.379,7.95464,7.95767,1.00,1.00
2016.05.03 02:09:24.480,7.95473,7.95767,1.00,1.00
2016.05.03 02:09:24.813,7.95493,7.95767,1.00,1.00
2016.05.03 02:09:27.266,7.95493,7.95776,1.00,1.00
2016.05.03 02:09:27.417,7.95483,7.95776,1.00,1.00
2016.05.03 02:09:30.890,7.95473,7.95776,1.00,1.00
2016.05.03 02:09:30.991,7.95463,7.95776,1.07,1.00
2016.05.03 02:09:31.290,7.95473,7.95776,1.00,1.00
2016.05.03 02:09:31.491,7.95464,7.95776,1.07,1.00
2016.05.03 02:09:32.837,7.95473,7.95776,1.00,1.00
2016.05.03 02:09:33.240,7.95493,7.95776,1.00,1.00
2016.05.03 02:09:33.445,7.95483,7.95776,1.00,1.00
2016.05.03 02:09:37.176,7.95483,7.95747,1.00,1.00
2016.05.03 02:09:41.911,7.95473,7.95747,1.00,1.00
2016.05.03 02:09:42.015,7.95463,7.95747,1.00,1.00
2016.05.03 02:09:42.066,7.95463,7.95747,1.07,1.00
2016.05.03 02:09:47.204,7.95463,7.95727,1.07,1.00
2016.05.03 02:09:53.617,7.95473,7.95727,1.00,1.00
2016.05.03 02:09:57.182,7.95463,7.95727,1.00,1.00
2016.05.03 02:09:57.284,7.95443,7.95726,1.07,1.00
2016.05.03 02:09:57.385,7.95423,7.95726,1.00,1.00
2016.05.03 02:09:57.436,7.95433,7.95726,1.00,1.00
2016.05.03 02:09:57.537,7.95394,7.95726,1.00,1.00
2016.05.03 02:09:57.638,7.95403,7.95726,1.00,1.00
2016.05.03 02:09:57.947,7.95453,7.95726,1.00,1.00
2016.05.03 02:09:59.840,7.95443,7.95726,1.00,1.00
2016.05.03 02:10:00.254,7.95433,7.95726,1.00,1.00
2016.05.03 02:10:01.141,7.95443,7.95726,1.00,1.00
2016.05.03 02:10:01.543,7.95453,7.95726,1.00,1.00
2016.05.03 02:10:07.202,7.95453,7.95736,1.00,1.00
2016.05.03 02:10:09.642,7.95454,7.95736,1.00,1.00
2016.05.03 02:10:10.143,7.95464,7.95736,1.00,1.00
2016.05.03 02:10:11.985,7.95463,7.95736,1.00,1.00
2016.05.03 02:10:15.543,7.95453,7.95736,1.00,1.00
2016.05.03 02:10:15.844,7.95463,7.95736,1.00,1.00
2016.05.03 02:10:15.944,7.95453,7.95736,1.00,1.00
2016.05.03 02:10:17.227,7.95453,7.95727,1.00,1.00
2016.05.03 02:10:18.546,7.95463,7.95727,1.00,1.00
2016.05.03 02:10:36.672,7.95444,7.95727,1.00,1.00
2016.05.03 02:10:36.754,7.95433,7.95727,1.00,1.00
2016.05.03 02:10:36.957,7.95463,7.95727,1.00,1.00
2016.05.03 02:10:37.559,7.95453,7.95727,1.00,1.00
2016.05.03 02:10:37.972,7.95464,7.95727,1.00,1.00
2016.05.03 02:10:45.240,7.95463,7.95727,1.00,1.00
2016.05.03 02:10:47.211,7.95463,7.95737,1.00,1.00
2016.05.03 02:10:53.544,7.95443,7.95737,1.00,1.00
2016.05.03 02:10:53.647,7.95453,7.95737,1.00,1.00
2016.05.03 02:10:54.649,7.95443,7.95737,1.00,1.00
2016.05.03 02:10:54.985,7.95434,7.95737,1.00,1.00
2016.05.03 02:10:55.633,7.95433,7.95726,1.00,1.00
2016.05.03 02:10:55.684,7.95413,7.95726,1.00,1.00
2016.05.03 02:10:55.991,7.95393,7.95726,1.07,1.00
2016.05.03 02:10:56.092,7.95403,7.95726,1.00,1.00
2016.05.03 02:10:57.438,7.95393,7.95726,1.00,1.00
2016.05.03 02:10:58.383,7.95403,7.95726,1.00,1.00
2016.05.03 02:10:58.540,7.95393,7.95726,1.00,1.00
2016.05.03 02:11:04.867,7.95413,7.95726,1.00,1.00
2016.05.03 02:11:05.185,7.95403,7.95726,1.00,1.00
2016.05.03 02:11:05.473,7.95403,7.95687,1.00,1.00
2016.05.03 02:11:08.405,7.95423,7.95687,1.00,1.00
2016.05.03 02:11:08.865,7.95433,7.95687,1.00,1.00
2016.05.03 02:11:09.167,7.95423,7.95687,1.00,1.00
2016.05.03 02:11:10.385,7.95413,7.95687,1.00,1.00
2016.05.03 02:11:13.161,7.95423,7.95687,1.00,1.00
2016.05.03 02:11:13.491,7.95434,7.95687,1.00,1.00
2016.05.03 02:11:14.029,7.95433,7.95687,1.00,1.00
2016.05.03 02:11:15.495,7.95433,7.95707,1.00,1.00
2016.05.03 02:11:19.447,7.95423,7.95707,1.00,1.00
2016.05.03 02:11:20.748,7.95433,7.95707,1.00,1.00
2016.05.03 02:11:22.150,7.95444,7.95707,1.00,1.00
2016.05.03 02:11:22.545,7.95454,7.95707,1.00,1.00
2016.05.03 02:11:25.540,7.95454,7.95727,1.00,1.00
2016.05.03 02:11:28.657,7.95473,7.95727,1.00,1.00
2016.05.03 02:11:28.966,7.95463,7.95727,1.00,1.00
2016.05.03 02:11:29.067,7.95453,7.95727,1.00,1.00
2016.05.03 02:11:29.143,7.95443,7.95727,1.00,1.00
2016.05.03 02:11:29.250,7.95453,7.95727,1.00,1.00
2016.05.03 02:11:34.888,7.95473,7.95727,1.00,1.00
2016.05.03 02:11:35.590,7.95473,7.95757,1.00,1.00
2016.05.03 02:11:36.353,7.95454,7.95757,1.00,1.00
2016.05.03 02:11:36.980,7.95443,7.95757,1.00,1.00
2016.05.03 02:11:37.059,7.95453,7.95757,1.00,1.00
2016.05.03 02:11:43.104,7.95433,7.95757,1.00,1.00
2016.05.03 02:11:43.209,7.95443,7.95757,1.00,1.00
2016.05.03 02:11:45.471,7.95443,7.95707,1.00,1.00
2016.05.03 02:11:55.282,7.95453,7.95707,1.00,1.00
2016.05.03 02:11:55.534,7.95453,7.95717,1.00,1.00
2016.05.03 02:12:06.370,7.95463,7.95717,1.00,1.00
2016.05.03 02:12:07.048,7.95453,7.95717,1.00,1.00
2016.05.03 02:12:09.350,7.95443,7.95717,1.00,1.00
2016.05.03 02:12:09.450,7.95453,7.95717,1.00,1.00
2016.05.03 02:12:15.656,7.95444,7.95717,1.00,1.00
2016.05.03 02:12:25.544,7.95444,7.95707,1.00,1.00
2016.05.03 02:12:25.888,7.95433,7.95707,1.00,1.00
2016.05.03 02:12:26.099,7.95414,7.95707,1.00,1.00
2016.05.03 02:12:26.201,7.95423,7.95707,1.00,1.00
2016.05.03 02:12:26.547,7.95433,7.95707,1.00,1.00
2016.05.03 02:12:27.498,7.95423,7.95707,1.00,1.00
2016.05.03 02:12:30.304,7.95433,7.95707,1.00,1.00
2016.05.03 02:12:34.161,7.95423,7.95707,1.00,1.00
2016.05.03 02:12:35.503,7.95423,7.95687,1.00,1.00
2016.05.03 02:12:43.098,7.95433,7.95687,1.00,1.00
2016.05.03 02:12:43.963,7.95423,7.95687,1.00,1.00
2016.05.03 02:12:45.495,7.95423,7.95697,1.00,1.00
2016.05.03 02:12:48.467,7.95413,7.95697,1.00,1.00
2016.05.03 02:12:51.073,7.95423,7.95697,1.00,1.00
2016.05.03 02:12:57.293,7.95443,7.95697,1.00,1.00
2016.05.03 02:12:57.631,7.95453,7.95697,1.00,1.00
2016.05.03 02:12:57.948,7.95463,7.95697,1.00,1.00
2016.05.03 02:12:58.348,7.95454,7.95697,1.00,1.00
2016.05.03 02:12:58.894,7.95453,7.95697,1.00,1.00
2016.05.03 02:12:59.096,7.95473,7.95697,1.00,1.00
2016.05.03 02:12:59.851,7.95473,7.95757,1.00,1.00
2016.05.03 02:13:00.003,7.95483,7.95757,1.00,1.00
2016.05.03 02:13:00.163,7.95473,7.95757,1.00,1.00
2016.05.03 02:13:00.264,7.95463,7.95757,1.00,1.00
2016.05.03 02:13:00.356,7.95473,7.95757,1.00,1.00
2016.05.03 02:13:00.893,7.95463,7.95757,1.00,1.00
2016.05.03 02:13:03.260,7.95453,7.95757,1.00,1.00
2016.05.03 02:13:04.161,7.95473,7.95757,1.00,1.00
2016.05.03 02:13:04.361,7.95463,7.95757,1.00,1.00
2016.05.03 02:13:04.962,7.95453,7.95757,1.00,1.00
2016.05.03 02:13:05.263,7.95463,7.95757,1.00,1.00
2016.05.03 02:13:05.364,7.95453,7.95757,1.00,1.00
2016.05.03 02:13:05.563,7.95464,7.95757,1.00,1.00
2016.05.03 02:13:05.777,7.95454,7.95757,1.00,1.00
2016.05.03 02:13:08.593,7.95473,7.95757,1.00,1.00
2016.05.03 02:13:09.913,7.95473,7.95717,1.00,1.00
2016.05.03 02:13:10.368,7.95483,7.95717,1.00,1.00
2016.05.03 02:13:10.570,7.95473,7.95717,1.00,1.00
2016.05.03 02:13:11.069,7.95483,7.95717,1.00,1.00
2016.05.03 02:13:11.771,7.95474,7.95717,1.00,1.00
2016.05.03 02:13:11.970,7.95483,7.95717,1.00,1.00
2016.05.03 02:13:12.471,7.95473,7.95717,1.00,1.00
2016.05.03 02:13:13.575,7.95483,7.95717,1.00,1.00
2016.05.03 02:13:13.905,7.95473,7.95717,1.00,1.00
2016.05.03 02:13:15.578,7.95463,7.95717,1.00,1.00
2016.05.03 02:13:15.779,7.95443,7.95717,1.00,1.00
2016.05.03 02:13:15.880,7.95453,7.95717,1.00,1.00
2016.05.03 02:13:16.474,7.95463,7.95717,1.00,1.00
2016.05.03 02:13:19.381,7.95453,7.95717,1.00,1.00
2016.05.03 02:13:19.878,7.95453,7.95707,1.00,1.00
2016.05.03 02:13:29.890,7.95463,7.95707,1.00,1.00
2016.05.03 02:13:30.201,7.95473,7.95707,1.00,1.00
2016.05.03 02:13:39.966,7.95473,7.95746,1.00,1.00
2016.05.03 02:13:40.101,7.95463,7.95746,1.00,1.00
2016.05.03 02:13:40.301,7.95453,7.95746,1.00,1.00
2016.05.03 02:13:40.502,7.95463,7.95746,1.00,1.00
2016.05.03 02:13:48.227,7.95473,7.95746,1.00,1.00
2016.05.03 02:13:50.443,7.95484,7.95746,1.00,1.00
2016.05.03 02:13:53.515,7.95483,7.95746,1.00,1.00
2016.05.03 02:13:58.337,7.95484,7.95746,1.00,1.00
2016.05.03 02:13:59.898,7.95484,7.95757,1.00,1.00
2016.05.03 02:14:00.990,7.95483,7.95757,1.00,1.00
2016.05.03 02:14:02.579,7.95484,7.95757,1.00,1.00
2016.05.03 02:14:05.445,7.95483,7.95757,1.00,1.00
2016.05.03 02:14:07.538,7.95473,7.95757,1.00,1.00
2016.05.03 02:14:07.840,7.95483,7.95757,1.00,1.00
2016.05.03 02:14:09.836,7.95483,7.95747,1.00,1.00
2016.05.03 02:14:14.544,7.95493,7.95747,1.00,1.00
2016.05.03 02:14:15.044,7.95483,7.95747,1.00,1.00
2016.05.03 02:14:22.751,7.95494,7.95747,1.00,1.00
2016.05.03 02:14:25.169,7.95483,7.95747,1.00,1.00
2016.05.03 02:14:29.368,7.95493,7.95747,1.00,1.00
2016.05.03 02:14:29.893,7.95493,7.95757,1.00,1.00
2016.05.03 02:14:37.898,7.95503,7.95757,1.00,1.00
2016.05.03 02:14:38.165,7.95493,7.95757,1.00,1.00
2016.05.03 02:14:38.666,7.95503,7.95757,1.00,1.00
2016.05.03 02:14:39.567,7.95493,7.95757,1.00,1.00
2016.05.03 02:14:39.967,7.95483,7.95757,1.00,1.00
2016.05.03 02:14:40.171,7.95493,7.95757,1.00,1.00
2016.05.03 02:14:40.272,7.95483,7.95757,1.00,1.00
2016.05.03 02:14:40.474,7.95503,7.95757,1.00,1.00
2016.05.03 02:14:41.197,7.95494,7.95757,1.00,1.00
2016.05.03 02:14:42.424,7.95483,7.95757,1.00,1.00
2016.05.03 02:14:42.708,7.95494,7.95757,1.00,1.00
2016.05.03 02:14:43.876,7.95483,7.95757,1.00,1.00
2016.05.03 02:14:47.093,7.95473,7.95757,1.00,1.00
2016.05.03 02:14:47.707,7.95463,7.95757,1.00,1.00
2016.05.03 02:14:49.854,7.95463,7.95737,1.00,1.00
2016.05.03 02:14:54.087,7.95473,7.95737,1.00,1.00
2016.05.03 02:14:54.888,7.95483,7.95737,1.00,1.00
2016.05.03 02:14:55.937,7.95493,7.95737,1.00,1.00
2016.05.03 02:14:58.492,7.95483,7.95737,1.07,1.00
2016.05.03 02:14:59.887,7.95473,7.95737,1.00,1.00
2016.05.03 02:14:59.938,7.95473,7.95747,1.00,1.00
2016.05.03 02:15:00.107,7.95463,7.95747,1.00,1.00
2016.05.03 02:15:00.194,7.95483,7.95747,1.00,1.00
2016.05.03 02:15:00.296,7.95473,7.95747,1.00,1.00
2016.05.03 02:15:00.610,7.95463,7.95747,1.00,1.00
2016.05.03 02:15:01.339,7.95453,7.95747,1.37,1.00
2016.05.03 02:15:01.651,7.95463,7.95747,1.00,1.00
2016.05.03 02:15:07.950,7.95474,7.95747,1.00,1.00
2016.05.03 02:15:08.412,7.95463,7.95747,1.00,1.00
2016.05.03 02:15:09.824,7.95463,7.95727,1.00,1.00
2016.05.03 02:15:10.514,7.95473,7.95727,1.00,1.00
2016.05.03 02:15:11.717,7.95463,7.95727,1.00,1.00
2016.05.03 02:15:15.546,7.95473,7.95727,1.00,1.00
2016.05.03 02:15:19.843,7.95473,7.95737,1.00,1.00
2016.05.03 02:15:20.683,7.95463,7.95737,1.00,1.00
2016.05.03 02:15:20.894,7.95453,7.95737,1.00,1.00
2016.05.03 02:15:23.768,7.95443,7.95737,1.00,1.00
2016.05.03 02:15:23.868,7.95453,7.95737,1.00,1.00
2016.05.03 02:15:29.893,7.95453,7.95717,1.00,1.00
2016.05.03 02:15:39.892,7.95453,7.95727,1.00,1.00
2016.05.03 02:15:44.857,7.95473,7.95727,1.00,1.00
2016.05.03 02:15:45.163,7.95483,7.95727,1.00,1.00
2016.05.03 02:15:46.354,7.95493,7.95727,1.00,1.00
2016.05.03 02:15:49.932,7.95493,7.95767,1.00,1.00
2016.05.03 02:15:51.992,7.95494,7.95767,1.00,1.00
2016.05.03 02:15:52.603,7.95493,7.95767,1.00,1.00
2016.05.03 02:15:53.590,7.95503,7.95767,1.00,1.00
2016.05.03 02:15:55.390,7.95493,7.95767,1.00,1.00
2016.05.03 02:15:55.542,7.95503,7.95767,1.00,1.00
2016.05.03 02:15:55.841,7.95493,7.95767,1.00,1.00
2016.05.03 02:15:57.148,7.95483,7.95767,1.00,1.00
2016.05.03 02:16:08.467,7.95493,7.95767,1.00,1.00
2016.05.03 02:16:09.915,7.95493,7.95757,1.00,1.00
2016.05.03 02:16:16.885,7.95503,7.95757,1.00,1.00
2016.05.03 02:16:17.192,7.95544,7.95757,1.00,1.00
2016.05.03 02:16:17.479,7.95533,7.95757,1.00,1.00
2016.05.03 02:16:19.857,7.95533,7.95787,1.00,1.00
2016.05.03 02:16:24.212,7.95543,7.95787,1.00,1.00
2016.05.03 02:16:25.686,7.95533,7.95787,1.00,1.00
2016.05.03 02:16:27.606,7.95523,7.95787,1.00,1.00
2016.05.03 02:16:27.708,7.95513,7.95787,1.00,1.00
2016.05.03 02:16:27.810,7.95503,7.95787,1.00,1.00
2016.05.03 02:16:29.892,7.95503,7.95777,1.00,1.00
2016.05.03 02:16:30.691,7.95513,7.95777,1.00,1.00
2016.05.03 02:16:31.133,7.95504,7.95777,1.00,1.00
2016.05.03 02:16:36.419,7.95503,7.95777,1.00,1.00
2016.05.03 02:16:39.830,7.95503,7.95767,1.00,1.00
2016.05.03 02:16:45.272,7.95493,7.95767,1.00,1.00
2016.05.03 02:16:49.861,7.95493,7.95757,1.00,1.00
2016.05.03 02:16:55.849,7.95483,7.95757,1.00,1.00
2016.05.03 02:16:55.950,7.95493,7.95757,1.00,1.00
2016.05.03 02:16:56.158,7.95483,7.95757,1.00,1.00
2016.05.03 02:16:58.747,7.95473,7.95757,1.07,1.00
2016.05.03 02:16:59.929,7.95473,7.95747,1.07,1.00
2016.05.03 02:17:01.798,7.95483,7.95747,1.00,1.00
2016.05.03 02:17:02.519,7.95484,7.95747,1.00,1.00
2016.05.03 02:17:02.961,7.95493,7.95747,1.00,1.00
2016.05.03 02:17:03.748,7.95483,7.95747,1.00,1.00
2016.05.03 02:17:03.839,7.95493,7.95747,1.00,1.00
2016.05.03 02:17:06.340,7.95503,7.95747,1.00,1.00
2016.05.03 02:17:09.854,7.95503,7.95767,1.00,1.00
2016.05.03 02:17:12.061,7.95493,7.95767,1.00,1.00
2016.05.03 02:17:19.918,7.95493,7.95757,1.00,1.00
2016.05.03 02:17:41.899,7.95473,7.95757,1.00,1.00
2016.05.03 02:17:42.009,7.95484,7.95757,1.00,1.00
2016.05.03 02:17:42.070,7.95463,7.95757,1.00,1.00
2016.05.03 02:17:44.445,7.95463,7.95737,1.00,1.00
2016.05.03 02:17:44.496,7.95423,7.95737,1.00,1.00
2016.05.03 02:17:44.791,7.95433,7.95737,1.00,1.00
2016.05.03 02:17:45.151,7.95443,7.95737,1.00,1.00
2016.05.03 02:17:54.494,7.95443,7.95707,1.00,1.00
2016.05.03 02:18:15.390,7.95453,7.95707,1.00,1.00
2016.05.03 02:18:26.078,7.95443,7.95707,1.00,1.00
2016.05.03 02:18:26.179,7.95433,7.95707,1.00,1.00
2016.05.03 02:18:32.083,7.95423,7.95707,1.00,1.00
2016.05.03 02:18:34.441,7.95423,7.95687,1.00,1.00
2016.05.03 02:18:36.597,7.95433,7.95687,1.00,1.00
2016.05.03 02:18:37.087,7.95443,7.95687,1.00,1.00
2016.05.03 02:18:37.716,7.95433,7.95687,1.00,1.00
2016.05.03 02:18:44.460,7.95433,7.95697,1.00,1.00
2016.05.03 02:19:19.165,7.95443,7.95697,1.00,1.00
2016.05.03 02:19:19.576,7.95433,7.95697,1.00,1.00
2016.05.03 02:19:23.859,7.95423,7.95697,1.00,1.00
2016.05.03 02:19:24.200,7.95413,7.95697,1.00,1.00
2016.05.03 02:19:25.440,7.95423,7.95697,1.00,1.00
2016.05.03 02:19:26.343,7.95433,7.95697,1.00,1.00
2016.05.03 02:19:31.947,7.95423,7.95697,1.00,1.00
2016.05.03 02:19:34.415,7.95423,7.95687,1.00,1.00
2016.05.03 02:19:41.396,7.95414,7.95687,1.00,1.00
2016.05.03 02:19:43.798,7.95423,7.95687,1.00,1.00
2016.05.03 02:19:54.934,7.95403,7.95687,1.00,1.00
2016.05.03 02:20:03.154,7.95393,7.95687,1.00,1.00
2016.05.03 02:20:03.655,7.95403,7.95687,1.00,1.00
2016.05.03 02:20:03.956,7.95423,7.95687,1.00,1.00
2016.05.03 02:20:04.458,7.95423,7.95697,1.00,1.00
2016.05.03 02:20:07.759,7.95424,7.95697,1.00,1.00
2016.05.03 02:20:08.520,7.95423,7.95697,1.00,1.00
2016.05.03 02:20:14.442,7.95423,7.95687,1.00,1.00
2016.05.03 02:20:15.166,7.95413,7.95687,1.00,1.00
2016.05.03 02:20:16.067,7.95403,7.95687,1.00,1.00
2016.05.03 02:20:16.973,7.95413,7.95687,1.00,1.00
2016.05.03 02:20:20.471,7.95423,7.95687,1.00,1.00
2016.05.03 02:20:20.572,7.95413,7.95687,1.00,1.00
2016.05.03 02:20:37.887,7.95403,7.95687,1.00,1.00
2016.05.03 02:20:38.177,7.95393,7.95687,1.00,1.00
2016.05.03 02:20:38.287,7.95403,7.95687,1.00,1.00
2016.05.03 02:20:40.227,7.95413,7.95687,1.00,1.00
2016.05.03 02:20:42.838,7.95423,7.95687,1.00,1.00
2016.05.03 02:20:44.489,7.95423,7.95677,1.00,1.00
2016.05.03 02:20:50.846,7.95433,7.95677,1.00,1.00
2016.05.03 02:20:50.997,7.95443,7.95727,1.00,1.00
2016.05.03 02:20:51.048,7.95453,7.95727,1.00,1.00
2016.05.03 02:20:51.251,7.95443,7.95727,1.00,1.00
2016.05.03 02:20:52.236,7.95453,7.95727,1.00,1.00
2016.05.03 02:20:55.739,7.95443,7.95727,1.00,1.00
2016.05.03 02:20:55.815,7.95454,7.95727,1.00,1.00
2016.05.03 02:20:59.365,7.95443,7.95727,1.00,1.00
2016.05.03 02:20:59.544,7.95433,7.95727,1.00,1.00
2016.05.03 02:20:59.645,7.95423,7.95727,1.37,1.00
2016.05.03 02:20:59.815,7.95423,7.95727,1.00,1.00
2016.05.03 02:21:00.663,7.95443,7.95727,1.00,1.00
2016.05.03 02:21:00.767,7.95423,7.95727,1.00,1.00
2016.05.03 02:21:00.841,7.95443,7.95727,1.00,1.00
2016.05.03 02:21:01.180,7.95433,7.95717,1.00,1.00
2016.05.03 02:21:01.527,7.95443,7.95717,1.00,1.00
2016.05.03 02:21:04.745,7.95453,7.95717,1.00,1.00
2016.05.03 02:21:04.946,7.95443,7.95717,1.00,1.00
2016.05.03 02:21:05.194,7.95433,7.95717,1.00,1.00
2016.05.03 02:21:05.247,7.95423,7.95717,1.00,1.00
2016.05.03 02:21:06.247,7.95424,7.95717,1.00,1.00
2016.05.03 02:21:06.298,7.95443,7.95717,1.00,1.00
2016.05.03 02:21:10.974,7.95443,7.95707,1.00,1.00
2016.05.03 02:21:13.455,7.95433,7.95707,1.00,1.00
2016.05.03 02:21:14.056,7.95424,7.95707,1.00,1.00
2016.05.03 02:21:15.569,7.95433,7.95647,1.00,1.00
2016.05.03 02:21:16.129,7.95433,7.95646,1.00,1.00
2016.05.03 02:21:16.358,7.95413,7.95646,1.37,1.00
2016.05.03 02:21:16.859,7.95413,7.95647,1.37,1.00
2016.05.03 02:21:19.649,7.95403,7.95647,1.00,1.00
2016.05.03 02:21:19.700,7.95384,7.95647,1.37,1.00
2016.05.03 02:21:20.053,7.95383,7.95646,1.00,1.00
2016.05.03 02:21:20.732,7.95383,7.95647,1.00,1.00
2016.05.03 02:21:20.972,7.95373,7.95647,1.00,1.00
2016.05.03 02:21:26.808,7.95373,7.95646,1.00,1.00
2016.05.03 02:21:27.355,7.95373,7.95647,1.00,1.00
2016.05.03 02:21:31.064,7.95373,7.95646,1.00,1.00
2016.05.03 02:21:33.248,7.95383,7.95646,1.00,1.00
2016.05.03 02:21:33.649,7.95393,7.95646,1.00,1.00
2016.05.03 02:21:33.986,7.95403,7.95647,1.00,1.50
2016.05.03 02:21:35.054,7.95413,7.95647,1.00,1.50
2016.05.03 02:21:40.256,7.95404,7.95647,1.00,1.50
2016.05.03 02:21:42.158,7.95394,7.95647,1.37,1.00
2016.05.03 02:21:42.260,7.95403,7.95647,1.00,1.00
2016.05.03 02:21:42.759,7.95393,7.95647,1.37,1.00
2016.05.03 02:21:43.762,7.95393,7.95646,1.37,1.00
2016.05.03 02:21:44.287,7.95393,7.95647,1.37,1.00
2016.05.03 02:21:46.958,7.95404,7.95647,1.00,1.00
2016.05.03 02:21:48.337,7.95393,7.95647,1.37,1.00
2016.05.03 02:21:53.627,7.95354,7.95647,1.75,1.00
2016.05.03 02:21:54.874,7.95353,7.95646,1.75,1.00
2016.05.03 02:21:55.676,7.95354,7.95647,1.75,1.00
2016.05.03 02:21:56.608,7.95354,7.95646,1.75,1.00
2016.05.03 02:21:57.569,7.95354,7.95647,1.75,1.00
2016.05.03 02:21:57.863,7.95373,7.95647,1.00,1.00
2016.05.03 02:21:58.232,7.95373,7.95647,1.37,1.00
2016.05.03 02:21:58.915,7.95353,7.95646,1.75,1.00
2016.05.03 02:21:59.474,7.95353,7.95647,1.75,1.00
2016.05.03 02:22:00.211,7.95353,7.95646,1.75,1.00
2016.05.03 02:22:00.644,7.95363,7.95647,1.00,1.00
2016.05.03 02:22:00.757,7.95373,7.95647,1.00,1.00
2016.05.03 02:22:00.859,7.95363,7.95647,1.00,1.00
2016.05.03 02:22:00.960,7.95373,7.95647,1.00,1.00
2016.05.03 02:22:01.264,7.95383,7.95637,1.37,1.00
2016.05.03 02:22:04.049,7.95393,7.95637,1.00,1.00
2016.05.03 02:22:04.593,7.95394,7.95637,1.00,1.00
2016.05.03 02:22:05.174,7.95383,7.95637,1.37,1.00
2016.05.03 02:22:05.741,7.95393,7.95637,1.00,1.00
2016.05.03 02:22:06.486,7.95384,7.95637,1.37,1.00
2016.05.03 02:22:08.480,7.95393,7.95637,1.00,1.00
2016.05.03 02:22:09.062,7.95383,7.95637,1.37,1.00
2016.05.03 02:22:10.788,7.95393,7.95637,1.00,1.00
2016.05.03 02:22:11.025,7.95383,7.95647,1.37,1.00
2016.05.03 02:22:11.721,7.95383,7.95646,1.37,1.00
2016.05.03 02:22:12.272,7.95383,7.95647,1.37,1.00
2016.05.03 02:22:12.795,7.95383,7.95646,1.37,1.00
2016.05.03 02:22:13.363,7.95384,7.95645,1.37,1.00
2016.05.03 02:22:16.051,7.95353,7.95647,1.75,1.00
2016.05.03 02:22:20.949,7.95363,7.95627,1.75,1.00
2016.05.03 02:22:25.212,7.95403,7.95627,1.00,1.00
2016.05.03 02:22:25.313,7.95403,7.95647,1.37,1.00
2016.05.03 02:22:25.515,7.95393,7.95647,1.75,1.00
2016.05.03 02:22:25.616,7.95383,7.95647,1.75,1.00
2016.05.03 02:22:30.170,7.95393,7.95646,1.75,1.00
2016.05.03 02:22:30.234,7.95393,7.95646,1.10,1.00
2016.05.03 02:22:30.905,7.95373,7.95646,1.00,1.00
2016.05.03 02:22:34.833,7.95373,7.95647,1.00,1.00
2016.05.03 02:22:34.901,7.95353,7.95647,1.37,1.00
2016.05.03 02:22:35.045,7.95373,7.95647,1.00,1.00
2016.05.03 02:22:35.583,7.95383,7.95647,1.00,1.50
2016.05.03 02:22:36.047,7.95373,7.95646,1.00,1.00
2016.05.03 02:22:36.369,7.95353,7.95646,1.37,1.00
2016.05.03 02:22:37.735,7.95353,7.95647,1.37,1.50
2016.05.03 02:22:37.886,7.95383,7.95647,1.00,1.50
2016.05.03 02:22:38.044,7.95374,7.95647,1.00,1.50
2016.05.03 02:22:38.555,7.95393,7.95647,1.00,1.50
2016.05.03 02:22:42.075,7.95403,7.95647,1.00,1.50
2016.05.03 02:22:42.610,7.95403,7.95647,1.00,1.66
2016.05.03 02:22:42.960,7.95433,7.95647,1.00,1.66
2016.05.03 02:22:44.239,7.95423,7.95647,1.00,1.66
2016.05.03 02:22:44.839,7.95423,7.95647,1.00,1.41
2016.05.03 02:22:49.582,7.95433,7.95685,1.00,1.66
2016.05.03 02:22:50.126,7.95433,7.95685,1.00,1.66
2016.05.03 02:22:50.347,7.95413,7.95685,1.00,1.66
2016.05.03 02:22:50.513,7.95413,7.95685,1.07,1.66
2016.05.03 02:22:50.837,7.95403,7.95685,1.00,1.66
2016.05.03 02:22:50.945,7.95373,7.95685,1.37,1.66
2016.05.03 02:22:54.589,7.95353,7.95666,1.87,1.66
2016.05.03 02:22:54.872,7.95343,7.95647,1.37,1.41
2016.05.03 02:22:55.063,7.95363,7.95647,1.00,1.38
2016.05.03 02:22:55.497,7.95353,7.95647,1.00,1.38
2016.05.03 02:22:55.874,7.95363,7.95647,1.00,1.38
2016.05.03 02:23:01.886,7.95363,7.95647,1.00,1.63
2016.05.03 02:23:02.443,7.95363,7.95647,1.00,1.38
2016.05.03 02:23:04.566,7.95363,7.95637,1.00,1.00
2016.05.03 02:23:11.179,7.95353,7.95637,1.00,1.00
2016.05.03 02:23:11.381,7.95363,7.95637,1.00,1.00
2016.05.03 02:23:14.424,7.95333,7.95637,1.37,1.00
2016.05.03 02:23:19.488,7.95353,7.95637,1.00,1.00
2016.05.03 02:23:21.433,7.95363,7.95637,1.00,1.00
2016.05.03 02:23:21.780,7.95373,7.95637,1.00,1.00
2016.05.03 02:23:22.090,7.95354,7.95637,1.00,1.00
2016.05.03 02:23:24.639,7.95354,7.95627,1.00,1.00
2016.05.03 02:23:31.454,7.95343,7.95627,1.12,1.00
2016.05.03 02:23:34.643,7.95343,7.95607,1.12,1.00
2016.05.03 02:23:43.086,7.95323,7.95607,1.37,1.00
2016.05.03 02:23:44.594,7.95323,7.95597,1.37,1.00
2016.05.03 02:23:48.340,7.95323,7.95597,1.37,1.00
2016.05.03 02:23:54.630,7.95293,7.95567,1.75,1.00
2016.05.03 02:23:58.240,7.95263,7.95567,2.25,1.00
2016.05.03 02:23:58.342,7.95263,7.95567,1.00,1.00
2016.05.03 02:23:58.393,7.95244,7.95567,1.00,1.00
2016.05.03 02:23:58.444,7.95253,7.95557,1.00,1.00
2016.05.03 02:23:58.782,7.95223,7.95557,1.37,1.00
2016.05.03 02:23:58.934,7.95223,7.95557,1.00,1.00
2016.05.03 02:23:58.985,7.95222,7.95547,1.00,1.00
2016.05.03 02:23:59.040,7.95222,7.95557,1.00,1.50
2016.05.03 02:23:59.535,7.95213,7.95557,1.00,1.50
2016.05.03 02:23:59.659,7.95203,7.95527,1.00,1.00
2016.05.03 02:23:59.762,7.95183,7.95527,1.37,1.50
2016.05.03 02:23:59.891,7.95164,7.95506,1.75,1.00
2016.05.03 02:23:59.942,7.95164,7.95506,1.37,1.00
2016.05.03 02:24:00.043,7.95193,7.95527,1.00,1.00
2016.05.03 02:24:00.380,7.95213,7.95527,1.00,1.00
2016.05.03 02:24:00.537,7.95203,7.95527,1.00,1.00
2016.05.03 02:24:02.179,7.95253,7.95527,1.00,1.00
2016.05.03 02:24:02.381,7.95243,7.95527,1.00,1.00
2016.05.03 02:24:02.582,7.95233,7.95527,1.00,1.00
2016.05.03 02:24:02.842,7.95223,7.95527,1.00,1.00
2016.05.03 02:24:03.142,7.95233,7.95527,1.00,1.00
2016.05.03 02:24:04.324,7.95224,7.95527,1.00,1.00
2016.05.03 02:24:04.374,7.95233,7.95527,1.00,1.00
2016.05.03 02:24:05.074,7.95223,7.95527,1.00,1.00
2016.05.03 02:24:05.275,7.95233,7.95527,1.00,1.00
2016.05.03 02:24:06.044,7.95223,7.95527,1.00,1.00
2016.05.03 02:24:06.145,7.95233,7.95527,1.00,1.00
2016.05.03 02:24:06.247,7.95223,7.95527,1.00,1.00
2016.05.03 02:24:08.048,7.95233,7.95527,1.00,1.00
2016.05.03 02:24:08.395,7.95253,7.95527,1.00,1.00
2016.05.03 02:24:08.724,7.95263,7.95527,1.00,1.00
2016.05.03 02:24:09.386,7.95264,7.95526,1.00,1.00
2016.05.03 02:24:09.903,7.95264,7.95527,1.00,1.00
2016.05.03 02:24:11.949,7.95253,7.95527,1.00,1.00
2016.05.03 02:24:12.950,7.95243,7.95527,1.00,1.00
2016.05.03 02:24:16.366,7.95253,7.95527,1.00,1.00
2016.05.03 02:24:16.867,7.95264,7.95527,1.00,1.00
2016.05.03 02:24:16.954,7.95253,7.95527,1.00,1.00
2016.05.03 02:24:18.676,7.95243,7.95527,1.00,1.00
2016.05.03 02:24:19.704,7.95243,7.95517,1.00,1.00
2016.05.03 02:24:22.390,7.95203,7.95517,1.00,1.00
2016.05.03 02:24:22.491,7.95224,7.95517,1.00,1.00
2016.05.03 02:24:22.779,7.95213,7.95517,1.00,1.00
2016.05.03 02:24:22.881,7.95233,7.95517,1.00,1.00
2016.05.03 02:24:26.272,7.95243,7.95517,1.00,1.00
2016.05.03 02:24:26.604,7.95273,7.95517,1.00,1.00
2016.05.03 02:24:29.769,7.95273,7.95547,1.00,1.00
2016.05.03 02:24:30.444,7.95283,7.95547,1.00,1.00
2016.05.03 02:24:31.145,7.95273,7.95547,1.00,1.00
2016.05.03 02:24:31.446,7.95283,7.95547,1.00,1.00
2016.05.03 02:24:33.751,7.95263,7.95547,1.00,1.00
2016.05.03 02:24:34.080,7.95253,7.95547,1.00,1.00
2016.05.03 02:24:34.235,7.95243,7.95547,1.00,1.00
2016.05.03 02:24:35.351,7.95233,7.95547,1.00,1.00
2016.05.03 02:24:36.853,7.95243,7.95547,1.00,1.00
2016.05.03 02:24:37.353,7.95233,7.95547,1.00,1.00
2016.05.03 02:24:39.657,7.95233,7.95517,1.00,1.00
2016.05.03 02:24:45.561,7.95243,7.95517,1.00,1.00
2016.05.03 02:24:48.874,7.95233,7.95517,1.00,1.00
2016.05.03 02:24:49.696,7.95233,7.95506,1.00,1.00
2016.05.03 02:24:50.144,7.95243,7.95506,1.00,1.00
2016.05.03 02:24:50.397,7.95233,7.95506,1.00,1.00
2016.05.03 02:24:51.803,7.95223,7.95506,1.00,1.00
2016.05.03 02:24:51.905,7.95214,7.95506,1.00,1.00
2016.05.03 02:24:52.168,7.95224,7.95506,1.00,1.00
2016.05.03 02:24:53.069,7.95243,7.95506,1.00,1.00
2016.05.03 02:24:53.609,7.95253,7.95506,1.00,1.00
2016.05.03 02:24:54.772,7.95243,7.95506,1.00,1.00
2016.05.03 02:24:55.561,7.95253,7.95506,1.00,1.00
2016.05.03 02:24:59.174,7.95264,7.95506,1.00,1.00
2016.05.03 02:24:59.490,7.95273,7.95506,1.00,1.00
2016.05.03 02:24:59.738,7.95273,7.95546,1.00,1.00
2016.05.03 02:25:02.452,7.95283,7.95546,1.00,1.00
2016.05.03 02:25:03.884,7.95293,7.95546,1.00,1.00
2016.05.03 02:25:04.054,7.95283,7.95546,1.00,1.00
2016.05.03 02:25:04.655,7.95293,7.95546,1.00,1.00
2016.05.03 02:25:04.977,7.95303,7.95546,1.00,1.00
2016.05.03 02:25:05.280,7.95313,7.95546,1.00,1.00
2016.05.03 02:25:05.386,7.95303,7.95546,1.00,1.00
2016.05.03 02:25:07.361,7.95313,7.95546,1.00,1.00
2016.05.03 02:25:08.070,7.95313,7.95547,1.00,1.00
2016.05.03 02:25:09.701,7.95313,7.95587,1.00,1.00
2016.05.03 02:25:19.732,7.95313,7.95566,1.00,1.00
2016.05.03 02:25:25.418,7.95304,7.95566,1.00,1.00
2016.05.03 02:25:25.582,7.95293,7.95566,1.00,1.00
2016.05.03 02:25:28.038,7.95283,7.95566,1.00,1.00
2016.05.03 02:25:29.651,7.95283,7.95557,1.00,1.00
2016.05.03 02:25:30.381,7.95293,7.95557,1.00,1.00
2016.05.03 02:25:30.777,7.95303,7.95557,1.00,1.00
2016.05.03 02:25:39.747,7.95303,7.95567,1.00,1.00
2016.05.03 02:25:44.162,7.95333,7.95567,1.00,1.00
2016.05.03 02:25:44.360,7.95313,7.95567,1.00,1.00
2016.05.03 02:25:47.907,7.95323,7.95567,1.00,1.00
2016.05.03 02:25:49.070,7.95313,7.95567,1.00,1.00
2016.05.03 02:25:49.679,7.95313,7.95577,1.00,1.00
2016.05.03 02:25:55.972,7.95303,7.95577,1.00,1.00
2016.05.03 02:25:57.292,7.95294,7.95577,1.00,1.00
2016.05.03 02:25:58.475,7.95303,7.95577,1.00,1.00
2016.05.03 02:25:59.690,7.95303,7.95567,1.00,1.00
2016.05.03 02:26:03.354,7.95293,7.95567,1.00,1.00
2016.05.03 02:26:05.475,7.95303,7.95567,1.00,1.00
2016.05.03 02:26:05.583,7.95293,7.95567,1.00,1.00
2016.05.03 02:26:09.783,7.95293,7.95557,1.00,1.00
2016.05.03 02:26:11.056,7.95283,7.95557,1.00,1.00
2016.05.03 02:26:12.658,7.95293,7.95557,1.00,1.00
2016.05.03 02:26:12.894,7.95283,7.95557,1.00,1.00
2016.05.03 02:26:19.654,7.95283,7.95546,1.00,1.00
2016.05.03 02:26:23.175,7.95293,7.95546,1.00,1.00
2016.05.03 02:26:26.799,7.95273,7.95546,1.00,1.00
2016.05.03 02:26:28.813,7.95283,7.95546,1.00,1.00
2016.05.03 02:26:29.170,7.95273,7.95546,1.00,1.00
2016.05.03 02:26:29.683,7.95273,7.95557,1.00,1.00
2016.05.03 02:26:39.709,7.95273,7.95546,1.00,1.00
2016.05.03 02:26:53.640,7.95293,7.95546,1.00,1.00
2016.05.03 02:26:53.742,7.95284,7.95546,1.00,1.00
2016.05.03 02:26:54.971,7.95263,7.95546,1.75,1.00
2016.05.03 02:26:58.181,7.95283,7.95546,1.00,1.00
2016.05.03 02:27:08.150,7.95303,7.95546,1.00,1.00
2016.05.03 02:27:08.754,7.95293,7.95546,1.00,1.00
2016.05.03 02:27:09.671,7.95293,7.95577,1.00,1.00
2016.05.03 02:27:10.066,7.95303,7.95577,1.00,1.00
2016.05.03 02:27:11.262,7.95293,7.95577,1.00,1.00
2016.05.03 02:27:15.865,7.95313,7.95577,1.00,1.00
2016.05.03 02:27:16.079,7.95303,7.95577,1.00,1.00
2016.05.03 02:27:16.180,7.95313,7.95577,1.00,1.00
2016.05.03 02:27:16.866,7.95293,7.95577,1.00,1.00
2016.05.03 02:27:17.867,7.95303,7.95577,1.00,1.00
2016.05.03 02:27:18.367,7.95313,7.95577,1.00,1.00
2016.05.03 02:27:19.697,7.95313,7.95567,1.00,1.00
2016.05.03 02:27:19.969,7.95303,7.95567,1.00,1.00
2016.05.03 02:27:20.171,7.95314,7.95567,1.00,1.00
2016.05.03 02:27:20.312,7.95293,7.95567,1.00,1.00
2016.05.03 02:27:20.655,7.95303,7.95567,1.00,1.00
2016.05.03 02:27:22.675,7.95313,7.95567,1.00,1.00
2016.05.03 02:27:24.717,7.95303,7.95567,1.00,1.00
2016.05.03 02:27:27.589,7.95313,7.95567,1.00,1.00
2016.05.03 02:27:28.081,7.95294,7.95567,1.00,1.00
2016.05.03 02:27:28.379,7.95313,7.95567,1.00,1.00
2016.05.03 02:27:28.480,7.95303,7.95567,1.00,1.00
2016.05.03 02:27:29.719,7.95303,7.95557,1.00,1.00
2016.05.03 02:27:42.447,7.95313,7.95557,1.00,1.00
2016.05.03 02:27:42.848,7.95303,7.95557,1.00,1.00
2016.05.03 02:27:43.051,7.95313,7.95557,1.00,1.00
2016.05.03 02:27:49.667,7.95313,7.95577,1.00,1.00
2016.05.03 02:28:00.780,7.95323,7.95577,1.00,1.00
2016.05.03 02:28:02.645,7.95313,7.95577,1.00,1.00
2016.05.03 02:28:02.766,7.95323,7.95577,1.00,1.00
2016.05.03 02:28:02.960,7.95313,7.95577,1.00,1.00
2016.05.03 02:28:03.457,7.95333,7.95577,1.00,1.00
2016.05.03 02:28:03.559,7.95313,7.95577,1.00,1.00
2016.05.03 02:28:06.272,7.95323,7.95577,1.00,1.00
2016.05.03 02:28:07.162,7.95313,7.95577,1.00,1.00
2016.05.03 02:28:07.862,7.95323,7.95577,1.00,1.00
2016.05.03 02:28:09.063,7.95313,7.95577,1.00,1.00
2016.05.03 02:28:09.718,7.95313,7.95577,1.07,1.00
2016.05.03 02:28:10.021,7.95324,7.95577,1.00,1.00
2016.05.03 02:28:10.321,7.95313,7.95577,1.00,1.00
2016.05.03 02:28:12.678,7.95323,7.95577,1.00,1.00
2016.05.03 02:28:13.343,7.95313,7.95577,1.00,1.00
2016.05.03 02:28:14.388,7.95304,7.95577,1.00,1.00
2016.05.03 02:28:14.489,7.95313,7.95577,1.00,1.00
2016.05.03 02:28:14.545,7.95303,7.95577,1.10,1.00
2016.05.03 02:28:18.449,7.95313,7.95577,1.00,1.00
2016.05.03 02:28:19.675,7.95313,7.95567,1.00,1.00
2016.05.03 02:28:20.086,7.95303,7.95567,1.10,1.00
2016.05.03 02:28:20.479,7.95323,7.95567,1.00,1.00
2016.05.03 02:28:22.701,7.95313,7.95567,1.00,1.00
2016.05.03 02:28:22.902,7.95303,7.95567,1.10,1.00
2016.05.03 02:28:25.505,7.95323,7.95567,1.00,1.00
2016.05.03 02:28:27.148,7.95313,7.95567,1.00,1.00
2016.05.03 02:28:27.636,7.95323,7.95567,1.00,1.00
2016.05.03 02:28:27.969,7.95343,7.95567,1.00,1.00
2016.05.03 02:28:28.337,7.95333,7.95567,1.00,1.00
2016.05.03 02:28:29.676,7.95333,7.95577,1.00,1.00
2016.05.03 02:28:39.698,7.95333,7.95586,1.00,1.00
2016.05.03 02:28:41.349,7.95343,7.95586,1.00,1.00
2016.05.03 02:28:54.854,7.95333,7.95586,1.00,1.00
2016.05.03 02:28:59.644,7.95333,7.95577,1.00,1.00
2016.05.03 02:29:09.047,7.95343,7.95577,1.00,1.00
2016.05.03 02:29:09.377,7.95363,7.95577,1.00,1.00
2016.05.03 02:29:09.708,7.95363,7.95607,1.00,1.00
2016.05.03 02:29:13.152,7.95374,7.95607,1.00,1.00
2016.05.03 02:29:14.780,7.95363,7.95607,1.00,1.00
2016.05.03 02:29:17.560,7.95373,7.95607,1.00,1.00
2016.05.03 02:29:18.086,7.95363,7.95607,1.00,1.00
2016.05.03 02:29:20.762,7.95373,7.95607,1.00,1.00
2016.05.03 02:29:28.314,7.95383,7.95607,1.00,1.00
2016.05.03 02:29:28.571,7.95373,7.95607,1.00,1.00
2016.05.03 02:29:28.771,7.95383,7.95607,1.00,1.00
2016.05.03 02:29:28.871,7.95373,7.95607,1.00,1.00
2016.05.03 02:29:29.665,7.95373,7.95637,1.00,1.00
2016.05.03 02:29:39.687,7.95373,7.95607,1.00,1.00
2016.05.03 02:29:54.638,7.95374,7.95607,1.00,1.00
2016.05.03 02:29:58.892,7.95373,7.95607,1.00,1.00
2016.05.03 02:29:59.433,7.95363,7.95607,1.00,1.00
2016.05.03 02:29:59.726,7.95363,7.95617,1.00,1.00
2016.05.03 02:30:01.736,7.95353,7.95617,1.00,1.00
2016.05.03 02:30:05.146,7.95343,7.95617,1.00,1.00
2016.05.03 02:30:05.468,7.95333,7.95617,1.00,1.00
2016.05.03 02:30:08.668,7.95343,7.95617,1.00,1.00
2016.05.03 02:30:09.350,7.95353,7.95617,1.00,1.00
2016.05.03 02:30:09.751,7.95353,7.95597,1.00,1.00
2016.05.03 02:30:11.253,7.95343,7.95597,1.00,1.00
2016.05.03 02:30:19.774,7.95343,7.95587,1.00,1.00
2016.05.03 02:30:31.847,7.95353,7.95587,1.00,1.00
2016.05.03 02:30:38.711,7.95373,7.95587,1.00,1.00
2016.05.03 02:30:39.042,7.95383,7.95587,1.00,1.00
2016.05.03 02:30:39.753,7.95383,7.95616,1.00,1.00
2016.05.03 02:30:42.691,7.95373,7.95616,1.00,1.00
2016.05.03 02:30:43.028,7.95363,7.95616,1.00,1.00
2016.05.03 02:30:44.251,7.95373,7.95616,1.00,1.00
2016.05.03 02:30:45.953,7.95363,7.95616,1.00,1.00
2016.05.03 02:30:49.669,7.95363,7.95607,1.00,1.00
2016.05.03 02:30:59.567,7.95374,7.95607,1.00,1.00
2016.05.03 02:30:59.709,7.95374,7.95617,1.00,1.00
2016.05.03 02:31:00.869,7.95363,7.95617,1.00,1.00
2016.05.03 02:31:16.942,7.95373,7.95617,1.00,1.00
2016.05.03 02:31:17.195,7.95363,7.95617,1.00,1.00
2016.05.03 02:31:36.066,7.95373,7.95617,1.00,1.00
2016.05.03 02:31:49.707,7.95373,7.95627,1.00,1.00
2016.05.03 02:32:00.703,7.95383,7.95627,1.00,1.00
2016.05.03 02:32:01.103,7.95393,7.95627,1.00,1.00
2016.05.03 02:32:01.401,7.95383,7.95627,1.00,1.00
2016.05.03 02:32:03.681,7.95393,7.95627,1.00,1.00
2016.05.03 02:32:04.759,7.95403,7.95627,1.00,1.00
2016.05.03 02:32:05.042,7.95393,7.95627,1.00,1.00
2016.05.03 02:32:09.688,7.95393,7.95637,1.00,1.00
2016.05.03 02:32:11.273,7.95403,7.95637,1.00,1.00
2016.05.03 02:32:11.681,7.95413,7.95637,1.00,1.00
2016.05.03 02:32:12.170,7.95403,7.95637,1.00,1.00
2016.05.03 02:32:14.154,7.95393,7.95637,1.00,1.00
2016.05.03 02:32:14.375,7.95383,7.95637,1.00,1.00
2016.05.03 02:32:16.477,7.95373,7.95637,1.00,1.00
2016.05.03 02:32:17.154,7.95383,7.95637,1.00,1.00
2016.05.03 02:32:17.554,7.95393,7.95637,1.00,1.00
2016.05.03 02:32:21.386,7.95403,7.95637,1.00,1.00
2016.05.03 02:32:21.605,7.95393,7.95637,1.00,1.00
2016.05.03 02:32:28.577,7.95383,7.95637,1.00,1.00
2016.05.03 02:32:29.644,7.95383,7.95627,1.00,1.00
2016.05.03 02:32:33.587,7.95353,7.95627,1.37,1.00
2016.05.03 02:32:33.638,7.95353,7.95627,1.00,1.00
2016.05.03 02:32:34.782,7.95363,7.95627,1.00,1.00
2016.05.03 02:32:38.609,7.95343,7.95627,1.00,1.00
2016.05.03 02:32:38.710,7.95363,7.95607,1.00,1.00
2016.05.03 02:32:38.812,7.95353,7.95607,1.00,1.00
2016.05.03 02:32:39.578,7.95363,7.95607,1.00,1.00
2016.05.03 02:32:45.591,7.95373,7.95607,1.00,1.00
2016.05.03 02:32:45.948,7.95363,7.95607,1.00,1.00
2016.05.03 02:32:48.595,7.95363,7.95617,1.00,1.00
2016.05.03 02:32:48.751,7.95373,7.95617,1.00,1.00
2016.05.03 02:32:49.452,7.95363,7.95617,1.00,1.00
2016.05.03 02:32:58.639,7.95363,7.95607,1.00,1.00
2016.05.03 02:33:13.158,7.95364,7.95607,1.00,1.00
2016.05.03 02:33:13.748,7.95363,7.95607,1.00,1.00
2016.05.03 02:33:16.348,7.95364,7.95607,1.00,1.00
2016.05.03 02:33:25.242,7.95373,7.95607,1.00,1.00
2016.05.03 02:33:25.782,7.95383,7.95607,1.00,1.00
2016.05.03 02:33:28.628,7.95383,7.95616,1.00,1.00
2016.05.03 02:33:31.061,7.95373,7.95616,1.00,1.00
2016.05.03 02:33:31.149,7.95363,7.95616,1.00,1.00
2016.05.03 02:33:31.549,7.95373,7.95616,1.00,1.00
2016.05.03 02:33:31.802,7.95363,7.95616,1.00,1.00
2016.05.03 02:33:35.404,7.95373,7.95616,1.00,1.00
2016.05.03 02:33:35.731,7.95393,7.95616,1.00,1.00
2016.05.03 02:33:36.372,7.95383,7.95616,1.00,1.00
2016.05.03 02:33:37.556,7.95393,7.95616,1.00,1.00
2016.05.03 02:33:38.555,7.95393,7.95647,1.00,1.28
2016.05.03 02:33:38.656,7.95384,7.95647,1.00,1.28
2016.05.03 02:33:39.057,7.95394,7.95647,1.00,1.28
2016.05.03 02:33:39.798,7.95394,7.95647,1.00,1.53
2016.05.03 02:33:40.058,7.95383,7.95647,1.00,1.53
2016.05.03 02:33:40.558,7.95393,7.95647,1.00,1.53
2016.05.03 02:33:41.559,7.95383,7.95647,1.00,1.53
2016.05.03 02:33:42.060,7.95393,7.95647,1.00,1.53
2016.05.03 02:33:43.098,7.95383,7.95647,1.00,1.53
2016.05.03 02:33:43.561,7.95393,7.95647,1.00,1.53
2016.05.03 02:33:44.246,7.95393,7.95647,1.00,1.28
2016.05.03 02:33:45.063,7.95403,7.95647,1.00,1.28
2016.05.03 02:33:46.101,7.95393,7.95647,1.00,1.28
2016.05.03 02:33:48.588,7.95393,7.95646,1.00,1.00
2016.05.03 02:33:55.643,7.95403,7.95646,1.00,1.28
2016.05.03 02:33:56.593,7.95413,7.95646,1.00,1.00
2016.05.03 02:33:58.611,7.95413,7.95657,1.00,1.53
2016.05.03 02:33:59.777,7.95413,7.95657,1.00,1.53
2016.05.03 02:34:09.696,7.95413,7.95656,1.00,1.53
2016.05.03 02:34:12.050,7.95413,7.95656,1.00,1.53
2016.05.03 02:34:12.685,7.95433,7.95656,1.00,1.53
2016.05.03 02:34:13.003,7.95444,7.95656,1.00,1.53
2016.05.03 02:34:13.334,7.95453,7.95656,1.00,1.53
2016.05.03 02:34:16.458,7.95443,7.95656,1.00,1.53
2016.05.03 02:34:16.650,7.95454,7.95656,1.00,1.53
2016.05.03 02:34:17.414,7.95454,7.95656,1.00,1.53
2016.05.03 02:34:19.062,7.95453,7.95682,1.00,1.53
2016.05.03 02:34:19.464,7.95443,7.95682,1.00,1.53
2016.05.03 02:34:19.645,7.95423,7.95682,1.00,1.53
2016.05.03 02:34:20.161,7.95423,7.95682,1.00,1.53
2016.05.03 02:34:27.576,7.95423,7.95682,1.00,1.53
2016.05.03 02:34:29.040,7.95434,7.95677,1.00,1.53
2016.05.03 02:34:30.566,7.95434,7.95677,1.00,1.53
2016.05.03 02:34:35.087,7.95434,7.95677,1.00,1.53
2016.05.03 02:34:36.188,7.95443,7.95677,1.00,1.53
2016.05.03 02:34:36.805,7.95443,7.95677,1.00,1.53
2016.05.03 02:34:50.762,7.95463,7.95682,1.00,1.53
2016.05.03 02:34:51.966,7.95473,7.95682,1.00,1.53
2016.05.03 02:34:52.479,7.95473,7.95697,1.00,1.53
2016.05.03 02:34:52.562,7.95463,7.95697,1.00,1.53
2016.05.03 02:34:53.114,7.95463,7.95697,1.00,1.53
2016.05.03 02:34:53.919,7.95463,7.95697,1.00,1.53
2016.05.03 02:34:55.310,7.95473,7.95697,1.00,1.53
2016.05.03 02:34:55.464,7.95463,7.95697,1.00,1.53
2016.05.03 02:34:55.608,7.95484,7.95697,1.00,1.53
2016.05.03 02:34:55.943,7.95503,7.95734,1.00,1.06
2016.05.03 02:35:13.862,7.95513,7.95716,1.00,1.53
2016.05.03 02:35:14.245,7.95523,7.95716,1.00,1.53
2016.05.03 02:35:14.658,7.95533,7.95716,1.00,1.53
2016.05.03 02:35:14.971,7.95523,7.95735,1.00,1.06
2016.05.03 02:35:15.360,7.95523,7.95735,1.00,1.06
2016.05.03 02:35:19.169,7.95513,7.95734,1.00,1.06
2016.05.03 02:35:19.270,7.95493,7.9572,1.00,1.53
2016.05.03 02:35:19.918,7.95493,7.9572,1.00,1.53
2016.05.03 02:35:21.229,7.95503,7.9572,1.00,1.53
2016.05.03 02:35:24.345,7.95493,7.9572,1.00,1.53
2016.05.03 02:35:25.780,7.95493,7.9572,1.00,1.53
2016.05.03 02:35:57.558,7.95483,7.9572,1.00,1.53
2016.05.03 02:36:03.666,7.95493,7.9572,1.00,1.53
2016.05.03 02:36:03.997,7.95483,7.9572,1.00,1.53
2016.05.03 02:36:07.716,7.95493,7.9572,1.00,1.53
2016.05.03 02:36:13.352,7.95483,7.9572,1.00,1.53
2016.05.03 02:36:23.315,7.95483,7.95733,1.00,1.06
2016.05.03 02:36:25.752,7.95493,7.95733,1.00,1.06
2016.05.03 02:36:27.880,7.95503,7.95732,1.00,1.06
2016.05.03 02:36:33.431,7.95503,7.95733,1.00,1.06
2016.05.03 02:36:43.451,7.95513,7.95733,1.00,1.06
2016.05.03 02:36:49.864,7.95513,7.95733,1.00,1.59
2016.05.03 02:36:50.470,7.95513,7.95733,1.00,1.59
2016.05.03 02:36:52.780,7.95503,7.95733,1.00,1.59
2016.05.03 02:36:53.110,7.95503,7.95733,1.00,1.59
2016.05.03 02:36:53.375,7.95503,7.95733,1.00,1.59
2016.05.03 02:36:53.976,7.95503,7.95733,1.00,1.59
2016.05.03 02:36:55.880,7.95503,7.95733,1.00,1.59
2016.05.03 02:37:02.070,7.95494,7.95733,1.00,1.59
2016.05.03 02:37:04.976,7.95483,7.95732,1.00,1.59
2016.05.03 02:37:05.178,7.95503,7.95733,1.00,1.59
2016.05.03 02:37:05.274,7.95493,7.95733,1.00,1.59
2016.05.03 02:37:05.415,7.95483,7.95733,1.00,1.59
2016.05.03 02:37:06.418,7.95483,7.95733,1.00,1.59
2016.05.03 02:37:06.923,7.95483,7.95733,1.00,1.59
2016.05.03 02:37:08.020,7.95493,7.95733,1.00,1.59
2016.05.03 02:37:10.643,7.95503,7.95732,1.00,1.59
2016.05.03 02:37:12.045,7.95504,7.95732,1.00,1.59
2016.05.03 02:37:12.445,7.95493,7.95732,1.00,1.59
2016.05.03 02:37:24.084,7.95493,7.95732,1.00,1.06
2016.05.03 02:37:24.784,7.95493,7.95732,1.00,1.06
2016.05.03 02:37:25.660,7.95483,7.95732,1.00,1.06
2016.05.03 02:37:26.485,7.95493,7.95732,1.00,1.06
2016.05.03 02:37:30.040,7.95473,7.95732,1.00,1.06
2016.05.03 02:37:30.810,7.95473,7.95732,1.00,1.06
2016.05.03 02:37:30.861,7.95483,7.95732,1.00,1.06
2016.05.03 02:37:31.413,7.95483,7.95732,1.00,1.06
2016.05.03 02:37:31.463,7.95474,7.95732,1.00,1.06
2016.05.03 02:37:37.548,7.95463,7.95732,1.00,1.06
2016.05.03 02:37:38.276,7.95463,7.95732,1.00,1.06
2016.05.03 02:37:40.419,7.95463,7.95732,1.00,1.06
2016.05.03 02:37:40.898,7.95473,7.95732,1.00,1.06
2016.05.03 02:37:43.454,7.95484,7.95732,1.00,1.06
2016.05.03 02:37:44.366,7.95474,7.95732,1.00,1.06
2016.05.03 02:37:46.789,7.95483,7.95727,1.00,1.53
2016.05.03 02:37:51.208,7.95474,7.95727,1.00,1.53
2016.05.03 02:37:54.066,7.95463,7.95727,1.00,1.53
2016.05.03 02:37:59.972,7.95473,7.95727,1.00,1.53
2016.05.03 02:38:04.786,7.95483,7.95727,1.00,1.53
2016.05.03 02:38:05.478,7.95473,7.95727,1.00,1.53
2016.05.03 02:38:07.623,7.95483,7.95732,1.00,1.06
2016.05.03 02:38:13.586,7.95474,7.95732,1.00,1.06
2016.05.03 02:38:14.189,7.95483,7.95732,1.00,1.06
2016.05.03 02:38:28.236,7.95493,7.95727,1.00,1.53
2016.05.03 02:38:28.802,7.95493,7.95727,1.00,1.53
2016.05.03 02:38:33.782,7.95483,7.95727,1.00,1.53
2016.05.03 02:38:36.208,7.95483,7.95732,1.00,1.59
2016.05.03 02:38:36.309,7.95473,7.95732,1.00,1.59
2016.05.03 02:38:44.025,7.95473,7.95732,1.00,1.59
2016.05.03 02:38:44.076,7.95463,7.95732,1.00,1.59
2016.05.03 02:38:48.379,7.95453,7.95717,1.00,1.53
2016.05.03 02:38:56.148,7.95453,7.95697,1.00,1.53
2016.05.03 02:39:03.310,7.95453,7.95697,1.00,1.53
2016.05.03 02:39:09.259,7.95443,7.95697,1.00,1.53
2016.05.03 02:39:10.319,7.95443,7.95697,1.00,1.53
2016.05.03 02:39:10.370,7.95434,7.95697,1.00,1.53
2016.05.03 02:39:13.162,7.95424,7.95697,1.00,1.53
2016.05.03 02:39:15.504,7.95424,7.95697,1.00,1.53
2016.05.03 02:39:15.605,7.95433,7.95697,1.00,1.53
2016.05.03 02:39:16.066,7.95443,7.95677,1.00,1.53
2016.05.03 02:39:25.342,7.95444,7.95677,1.00,1.53
2016.05.03 02:39:26.120,7.95444,7.95697,1.00,1.53
2016.05.03 02:39:26.643,7.95443,7.95697,1.00,1.53
2016.05.03 02:39:32.348,7.95444,7.95697,1.00,1.53
2016.05.03 02:39:33.361,7.95444,7.95697,1.00,1.53
2016.05.03 02:39:35.870,7.95433,7.95697,1.00,1.53
2016.05.03 02:39:46.539,7.95443,7.95677,1.00,1.53
2016.05.03 02:39:47.240,7.95453,7.95677,1.00,1.53
2016.05.03 02:39:48.642,7.95463,7.95677,1.00,1.53
2016.05.03 02:39:50.706,7.95463,7.95677,1.00,1.53
2016.05.03 02:39:50.944,7.95453,7.95677,1.00,1.53
2016.05.03 02:39:54.548,7.95473,7.95677,1.00,1.53
2016.05.03 02:40:00.354,7.95454,7.95698,1.00,1.53
2016.05.03 02:40:04.891,7.95474,7.95698,1.00,1.53
2016.05.03 02:40:08.598,7.95473,7.95698,1.00,1.53
2016.05.03 02:40:11.376,7.95483,7.95698,1.00,1.53
2016.05.03 02:40:11.448,7.95473,7.95698,1.00,1.53
2016.05.03 02:40:14.150,7.95483,7.95717,1.00,1.53
2016.05.03 02:40:21.684,7.95473,7.95727,1.00,1.53
2016.05.03 02:40:21.884,7.95463,7.95727,1.00,1.53
2016.05.03 02:40:34.067,7.95473,7.95727,1.00,1.53
2016.05.03 02:40:38.959,7.95463,7.95717,1.00,1.53
2016.05.03 02:40:44.878,7.95453,7.95717,1.00,1.53
2016.05.03 02:40:45.447,7.95453,7.95717,1.00,1.53
2016.05.03 02:40:46.205,7.95453,7.95717,1.00,2.03
2016.05.03 02:40:46.701,7.95463,7.95717,1.00,2.03
2016.05.03 02:40:49.170,7.95454,7.95717,1.00,2.03
2016.05.03 02:40:49.271,7.95473,7.95717,1.00,2.03
2016.05.03 02:40:50.815,7.95463,7.95717,1.00,2.03
2016.05.03 02:40:54.471,7.95473,7.95717,1.00,2.03
2016.05.03 02:40:54.572,7.95463,7.95717,1.00,2.03
2016.05.03 02:40:57.150,7.95453,7.95717,1.00,1.53
2016.05.03 02:41:01.086,7.95443,7.95717,1.00,1.53
2016.05.03 02:41:01.604,7.95443,7.95717,1.00,1.53
2016.05.03 02:41:05.843,7.95443,7.95697,1.00,1.53
2016.05.03 02:41:06.275,7.95433,7.95697,1.00,1.53
2016.05.03 02:41:10.359,7.95423,7.95697,1.07,1.53
2016.05.03 02:41:11.064,7.95423,7.95697,1.00,1.53
2016.05.03 02:41:12.461,7.95443,7.95697,1.00,1.53
2016.05.03 02:41:12.562,7.95433,7.95697,1.00,1.53
2016.05.03 02:41:12.795,7.95423,7.95697,1.00,1.53
2016.05.03 02:41:12.997,7.95414,7.9569,1.00,1.53
2016.05.03 02:41:13.099,7.95403,7.9569,1.00,1.53
2016.05.03 02:41:13.200,7.95393,7.9569,1.00,1.53
2016.05.03 02:41:14.664,7.95403,7.9569,1.00,1.53
2016.05.03 02:41:15.191,7.95404,7.9569,1.00,1.53
2016.05.03 02:41:20.275,7.95404,7.95667,1.00,1.53
2016.05.03 02:41:21.284,7.95423,7.95667,1.00,1.53
2016.05.03 02:41:21.588,7.95433,7.95667,1.00,1.53
2016.05.03 02:41:22.102,7.95433,7.95667,1.00,1.53
2016.05.03 02:41:22.884,7.95413,7.95667,1.00,1.53
2016.05.03 02:41:23.470,7.95413,7.95667,1.00,1.53
2016.05.03 02:41:26.854,7.95393,7.95667,1.00,1.53
2016.05.03 02:41:31.502,7.95393,7.95667,1.00,1.53
2016.05.03 02:41:31.553,7.95414,7.95667,1.00,1.53
2016.05.03 02:41:31.640,7.95403,7.95667,1.00,1.53
2016.05.03 02:41:33.041,7.95393,7.95667,1.00,1.53
2016.05.03 02:41:40.896,7.95374,7.95647,1.07,1.53
2016.05.03 02:41:45.770,7.95373,7.95617,1.07,1.00
2016.05.03 02:41:52.855,7.95383,7.95617,1.00,1.00
2016.05.03 02:41:55.258,7.95373,7.95617,1.07,1.00
2016.05.03 02:41:55.747,7.95373,7.95627,1.07,1.00
2016.05.03 02:41:57.370,7.95383,7.95627,1.00,1.00
2016.05.03 02:42:05.666,7.95383,7.95637,1.00,1.00
2016.05.03 02:42:15.685,7.95383,7.95636,1.00,1.00
2016.05.03 02:42:20.680,7.95393,7.95636,1.00,1.00
2016.05.03 02:42:21.015,7.95404,7.95636,1.00,1.00
2016.05.03 02:42:21.541,7.95393,7.95636,1.37,1.00
2016.05.03 02:42:24.664,7.95403,7.95636,1.00,1.00
2016.05.03 02:42:24.967,7.95413,7.95636,1.00,1.00
2016.05.03 02:42:25.315,7.95433,7.95686,1.00,1.53
2016.05.03 02:42:28.368,7.95423,7.95686,1.00,1.53
2016.05.03 02:42:30.771,7.95444,7.95686,1.00,1.53
2016.05.03 02:42:31.271,7.95433,7.95686,1.00,1.53
2016.05.03 02:42:43.370,7.95403,7.95677,1.00,1.53
2016.05.03 02:42:43.421,7.95403,7.95677,1.00,1.53
2016.05.03 02:42:43.554,7.95403,7.95677,1.00,1.53
2016.05.03 02:42:43.641,7.95393,7.95677,1.00,1.53
2016.05.03 02:42:58.342,7.95403,7.95647,1.00,1.28
2016.05.03 02:43:04.176,7.95403,7.95647,1.00,1.53
2016.05.03 02:43:04.934,7.95403,7.95647,1.00,1.28
2016.05.03 02:43:08.355,7.95413,7.95657,1.00,1.53
2016.05.03 02:43:08.978,7.95413,7.95657,1.00,1.53
2016.05.03 02:43:09.057,7.95403,7.95657,1.00,1.53
2016.05.03 02:43:15.662,7.95393,7.95656,1.00,1.53
2016.05.03 02:43:18.968,7.95403,7.95656,1.00,1.53
2016.05.03 02:43:21.368,7.95393,7.95656,1.00,1.53
2016.05.03 02:43:24.901,7.95403,7.95656,1.00,1.53
2016.05.03 02:43:25.071,7.95393,7.95656,1.00,1.53
2016.05.03 02:43:51.171,7.95403,7.95657,1.00,1.53
2016.05.03 02:43:56.258,7.95393,7.95657,1.00,1.53
2016.05.03 02:44:13.145,7.95403,7.95647,1.00,1.28
2016.05.03 02:44:21.649,7.95393,7.95657,1.00,1.53
2016.05.03 02:44:24.851,7.95403,7.95657,1.00,1.53
2016.05.03 02:44:26.954,7.95393,7.95657,1.00,1.53
2016.05.03 02:44:28.993,7.95383,7.95657,1.00,1.53
2016.05.03 02:44:29.506,7.95383,7.95657,1.00,1.53
2016.05.03 02:44:32.458,7.95394,7.95657,1.00,1.53
2016.05.03 02:44:32.909,7.95403,7.95657,1.00,1.53
2016.05.03 02:44:37.335,7.95393,7.95657,1.00,1.53
2016.05.03 02:44:37.854,7.95373,7.95657,1.00,1.53
2016.05.03 02:44:37.955,7.95393,7.95657,1.00,1.53
2016.05.03 02:44:38.749,7.95393,7.95657,1.00,1.53
2016.05.03 02:44:42.793,7.95403,7.95657,1.00,1.53
2016.05.03 02:44:44.351,7.95393,7.95657,1.00,1.53
2016.05.03 02:44:50.057,7.95403,7.95657,1.00,1.53
2016.05.03 02:45:01.456,7.95403,7.95667,1.00,1.53
2016.05.03 02:45:02.357,7.95403,7.95667,1.00,1.53
2016.05.03 02:45:04.345,7.95413,7.95667,1.00,1.53
2016.05.03 02:45:04.669,7.95423,7.95667,1.00,1.53
2016.05.03 02:45:08.535,7.95423,7.95687,1.00,1.53
2016.05.03 02:45:12.903,7.95413,7.95687,1.00,1.53
2016.05.03 02:45:13.161,7.95423,7.95687,1.00,1.53
2016.05.03 02:45:38.502,7.95423,7.95687,1.00,1.53
2016.05.03 02:45:51.081,7.95413,7.95687,1.00,1.53
2016.05.03 02:45:51.151,7.95403,7.95687,1.00,1.53
2016.05.03 02:45:51.351,7.95383,7.95687,1.00,1.53
2016.05.03 02:45:51.552,7.95393,7.95687,1.00,1.53
2016.05.03 02:45:52.352,7.95404,7.95687,1.00,1.53
2016.05.03 02:45:52.853,7.95393,7.95687,1.00,1.53
2016.05.03 02:45:53.086,7.95403,7.95687,1.00,1.53
2016.05.03 02:45:53.853,7.95393,7.95687,1.00,1.53
2016.05.03 02:45:56.757,7.95403,7.95667,1.00,1.53
2016.05.03 02:46:07.167,7.95393,7.95667,1.00,1.53
2016.05.03 02:46:08.318,7.95393,7.95667,1.00,1.53
2016.05.03 02:46:09.083,7.95403,7.95667,1.00,1.53
2016.05.03 02:46:10.084,7.95393,7.95667,1.00,1.53
2016.05.03 02:46:10.615,7.95383,7.95667,1.00,1.53
2016.05.03 02:46:11.833,7.95373,7.95667,1.00,1.53
2016.05.03 02:46:13.516,7.95373,7.95667,1.00,1.53
2016.05.03 02:46:15.290,7.95363,7.95667,1.00,1.53
2016.05.03 02:46:19.920,7.95373,7.95647,1.00,1.53
2016.05.03 02:46:21.731,7.95373,7.95647,1.00,1.28
2016.05.03 02:46:22.119,7.95383,7.95647,1.00,1.28
2016.05.03 02:46:24.203,7.95373,7.95647,1.00,1.28
2016.05.03 02:46:25.229,7.95373,7.95646,1.00,1.00
2016.05.03 02:46:35.250,7.95373,7.95627,1.00,1.00
2016.05.03 02:46:48.191,7.95363,7.95627,1.00,1.00
2016.05.03 02:46:48.386,7.95373,7.95627,1.00,1.00
2016.05.03 02:46:55.289,7.95373,7.95637,1.00,1.00
2016.05.03 02:46:58.787,7.95363,7.95637,1.00,1.00
2016.05.03 02:46:58.942,7.95343,7.95637,1.00,1.00
2016.05.03 02:46:59.047,7.95353,7.95637,1.00,1.00
2016.05.03 02:46:59.341,7.95343,7.95637,1.00,1.00
2016.05.03 02:47:02.746,7.95363,7.95637,1.00,1.00
2016.05.03 02:47:03.651,7.95353,7.95637,1.00,1.00
2016.05.03 02:47:05.226,7.95353,7.95607,1.00,1.00
2016.05.03 02:47:05.740,7.95363,7.95607,1.00,1.00
2016.05.03 02:47:07.542,7.95343,7.95607,1.00,1.00
2016.05.03 02:47:07.643,7.95353,7.95607,1.00,1.00
2016.05.03 02:47:09.150,7.95343,7.95607,1.00,1.00
2016.05.03 02:47:09.589,7.95353,7.95607,1.00,1.00
2016.05.03 02:47:25.271,7.95353,7.95617,1.00,1.00
2016.05.03 02:47:58.450,7.95363,7.95617,1.00,1.00
2016.05.03 02:48:25.277,7.95363,7.95627,1.00,1.00
2016.05.03 02:48:29.346,7.95353,7.95627,1.00,1.00
2016.05.03 02:48:33.149,7.95373,7.95627,1.00,1.00
2016.05.03 02:48:35.301,7.95373,7.95637,1.00,1.00
2016.05.03 02:48:57.350,7.95383,7.95637,1.00,1.00
2016.05.03 02:48:57.573,7.95373,7.95637,1.00,1.00
2016.05.03 02:48:58.280,7.95363,7.95637,1.00,1.00
2016.05.03 02:48:58.450,7.95373,7.95637,1.00,1.00
2016.05.03 02:49:08.160,7.95363,7.95637,1.00,1.00
2016.05.03 02:49:08.471,7.95374,7.95637,1.00,1.00
2016.05.03 02:49:15.252,7.95374,7.95627,1.00,1.00
2016.05.03 02:49:48.357,7.95363,7.95627,1.00,1.00
2016.05.03 02:49:50.860,7.95373,7.95627,1.00,1.00
2016.05.03 02:49:52.089,7.95363,7.95627,1.00,1.00
2016.05.03 02:49:54.117,7.95353,7.95627,1.00,1.00
2016.05.03 02:49:55.207,7.95363,7.95627,1.00,1.00
2016.05.03 02:49:59.378,7.95353,7.95627,1.00,1.00
2016.05.03 02:50:05.278,7.95353,7.95617,1.00,1.00
2016.05.03 02:50:18.708,7.95343,7.95617,1.00,1.00
2016.05.03 02:50:25.321,7.95343,7.95597,1.00,1.00
2016.05.03 02:50:26.546,7.95353,7.95597,1.00,1.00
2016.05.03 02:50:26.846,7.95343,7.95597,1.00,1.00
2016.05.03 02:50:54.765,7.95323,7.95597,1.37,1.00
2016.05.03 02:50:54.965,7.95333,7.95597,1.00,1.00
2016.05.03 02:50:58.969,7.95343,7.95597,1.00,1.00
2016.05.03 02:51:05.300,7.95343,7.95607,1.00,1.00
2016.05.03 02:51:18.167,7.95353,7.95607,1.00,1.00
2016.05.03 02:51:19.262,7.95343,7.95607,1.00,1.00
2016.05.03 02:51:21.065,7.95353,7.95607,1.00,1.00
2016.05.03 02:51:36.385,7.95383,7.95607,1.00,1.00
2016.05.03 02:51:36.724,7.95393,7.95607,1.00,1.00
2016.05.03 02:51:37.499,7.95383,7.95607,1.00,1.00
2016.05.03 02:51:39.182,7.95373,7.95607,1.00,1.00
2016.05.03 02:51:39.284,7.95363,7.95607,1.00,1.00
2016.05.03 02:51:40.490,7.95373,7.95607,1.00,1.00
2016.05.03 02:51:40.783,7.95363,7.95607,1.00,1.00
2016.05.03 02:51:45.277,7.95363,7.95627,1.00,1.00
2016.05.03 02:51:47.003,7.95373,7.95627,1.00,1.00
2016.05.03 02:51:47.366,7.95383,7.95627,1.00,1.00
2016.05.03 02:51:47.599,7.95373,7.95627,1.00,1.00
2016.05.03 02:51:50.392,7.95363,7.95627,1.00,1.00
2016.05.03 02:51:54.251,7.95383,7.95627,1.00,1.00
2016.05.03 02:51:55.315,7.95383,7.95637,1.00,1.00
2016.05.03 02:51:55.755,7.95363,7.95637,1.00,1.00
2016.05.03 02:51:55.856,7.95353,7.95637,1.00,1.00
2016.05.03 02:51:56.163,7.95343,7.95637,1.00,1.00
2016.05.03 02:52:04.835,7.95333,7.95637,1.00,1.00
2016.05.03 02:52:04.886,7.95343,7.95637,1.00,1.00
2016.05.03 02:52:04.987,7.95333,7.95637,1.00,1.00
2016.05.03 02:52:05.299,7.95333,7.95607,1.00,1.00
2016.05.03 02:52:07.251,7.95343,7.95607,1.00,1.00
2016.05.03 02:52:08.469,7.95353,7.95607,1.00,1.00
2016.05.03 02:52:08.764,7.95343,7.95607,1.00,1.00
2016.05.03 02:52:09.278,7.95344,7.95607,1.00,1.00
2016.05.03 02:52:13.852,7.95353,7.95607,1.00,1.00
2016.05.03 02:52:14.174,7.95374,7.95607,1.00,1.00
2016.05.03 02:52:15.315,7.95374,7.95617,1.00,1.00
2016.05.03 02:52:16.246,7.95353,7.95617,1.00,1.00
2016.05.03 02:52:16.442,7.95343,7.95617,1.00,1.00
2016.05.03 02:52:25.323,7.95343,7.95597,1.00,1.00
2016.05.03 02:52:30.251,7.95323,7.95597,1.00,1.00
2016.05.03 02:52:35.320,7.95323,7.95577,1.00,1.00
2016.05.03 02:53:15.242,7.95323,7.95586,1.00,1.00
2016.05.03 02:53:42.448,7.95324,7.95586,1.00,1.00
2016.05.03 02:53:46.382,7.95314,7.95586,1.00,1.00
2016.05.03 02:53:46.452,7.95303,7.95586,1.07,1.00
2016.05.03 02:53:47.269,7.95313,7.95586,1.00,1.00
2016.05.03 02:53:53.587,7.95303,7.95586,1.07,1.00
2016.05.03 02:53:54.309,7.95313,7.95586,1.00,1.00
2016.05.03 02:53:54.611,7.95333,7.95586,1.00,1.00
2016.05.03 02:53:55.228,7.95333,7.95597,1.00,1.00
2016.05.03 02:53:56.663,7.95323,7.95597,1.00,1.00
2016.05.03 02:53:57.112,7.95333,7.95597,1.00,1.00
2016.05.03 02:54:05.153,7.95323,7.95597,1.00,1.00
2016.05.03 02:54:05.255,7.95323,7.95587,1.00,1.00
2016.05.03 02:54:05.597,7.95338,7.95587,1.37,1.00
2016.05.03 02:54:05.935,7.95338,7.95587,1.75,1.00
2016.05.03 02:54:06.055,7.95338,7.95647,1.75,1.28
2016.05.03 02:54:15.971,7.95342,7.95646,1.75,1.00
2016.05.03 02:54:18.533,7.95369,7.95647,1.75,1.28
2016.05.03 02:54:21.083,7.95363,7.95646,1.75,1.00
2016.05.03 02:54:26.041,7.95369,7.95657,1.75,1.53
2016.05.03 02:54:26.797,7.95371,7.95657,1.75,1.53
2016.05.03 02:54:26.943,7.95371,7.95657,1.75,1.53
2016.05.03 02:54:28.690,7.95373,7.95657,1.75,1.53
2016.05.03 02:54:41.204,7.95403,7.95667,1.37,1.53
2016.05.03 02:54:41.882,7.95403,7.95667,1.37,1.53
2016.05.03 02:54:42.782,7.95403,7.95667,1.75,1.53
2016.05.03 02:54:49.027,7.95403,7.95677,1.75,1.53
2016.05.03 02:54:49.382,7.95403,7.95677,1.37,1.53
2016.05.03 02:54:50.619,7.95403,7.95677,1.37,1.53
2016.05.03 02:55:01.546,7.95408,7.95667,1.37,1.53
2016.05.03 02:55:03.471,7.95408,7.95667,1.75,1.53
2016.05.03 02:55:06.876,7.95423,7.95667,1.75,1.53
2016.05.03 02:55:07.402,7.95423,7.95667,1.75,1.53
2016.05.03 02:55:15.849,7.95428,7.95667,1.37,1.53
2016.05.03 02:55:19.737,7.95455,7.95677,1.75,1.53
2016.05.03 02:55:19.838,7.95455,7.95677,1.37,1.53
2016.05.03 02:55:24.901,7.95455,7.95676,1.75,1.53
2016.05.03 02:55:25.914,7.9547,7.95676,1.37,1.53
2016.05.03 02:55:26.500,7.9547,7.95707,1.37,1.53
2016.05.03 02:55:27.351,7.95442,7.95707,1.75,1.53
2016.05.03 02:55:29.105,7.95454,7.95707,1.75,1.53
2016.05.03 02:55:29.307,7.95456,7.95706,1.75,1.00
2016.05.03 02:55:30.206,7.95467,7.95706,1.37,1.00
2016.05.03 02:55:35.961,7.95463,7.95697,1.37,1.00
2016.05.03 02:55:45.986,7.95463,7.95686,1.37,1.00
2016.05.03 02:56:06.076,7.95469,7.95707,1.37,1.00
2016.05.03 02:56:16.101,7.95455,7.95687,1.37,1.00
2016.05.03 02:56:17.355,7.95455,7.95686,1.37,1.00
2016.05.03 02:56:17.495,7.95455,7.95686,1.07,1.00
2016.05.03 02:56:22.697,7.95437,7.95687,1.37,1.00
2016.05.03 02:56:25.972,7.95443,7.95677,1.37,1.00
2016.05.03 02:56:35.514,7.95462,7.95677,1.37,1.00
2016.05.03 02:56:36.034,7.95462,7.95687,1.37,1.00
2016.05.03 02:56:46.049,7.95466,7.95697,1.37,1.00
2016.05.03 02:56:55.444,7.95465,7.95697,1.00,1.00
2016.05.03 02:57:06.083,7.95465,7.95687,1.00,1.00
2016.05.03 02:57:06.585,7.95462,7.95687,1.07,1.00
2016.05.03 02:57:36.023,7.95459,7.95697,1.07,1.00
2016.05.03 02:57:46.039,7.95455,7.95687,1.57,1.00
2016.05.03 02:57:50.551,7.95455,7.95687,1.57,1.00
2016.05.03 02:58:05.970,7.95464,7.95696,1.07,1.00
2016.05.03 02:58:11.409,7.95473,7.95696,1.00,1.00
2016.05.03 02:58:11.722,7.9549,7.95697,1.00,1.00
2016.05.03 02:58:13.373,7.95476,7.95697,1.07,1.00
2016.05.03 02:58:16.045,7.95476,7.95707,1.07,1.00
2016.05.03 02:58:26.019,7.95483,7.95697,1.07,1.00
2016.05.03 02:58:26.451,7.95491,7.95697,1.00,1.00
2016.05.03 02:58:29.718,7.95496,7.95697,1.00,1.00
2016.05.03 02:58:30.410,7.95495,7.95697,1.00,1.00
2016.05.03 02:58:32.569,7.95499,7.95697,1.00,1.00
2016.05.03 02:58:33.051,7.95499,7.95697,1.07,1.00
2016.05.03 02:58:36.072,7.95499,7.95717,1.07,1.00
2016.05.03 02:58:42.179,7.95514,7.95717,1.00,1.00
2016.05.03 02:58:43.486,7.95507,7.95717,1.07,1.00
2016.05.03 02:58:45.983,7.95502,7.95727,1.07,1.00
2016.05.03 02:58:56.029,7.955,7.95706,1.07,1.00
2016.05.03 02:59:02.835,7.955,7.95707,1.07,1.00
2016.05.03 02:59:02.937,7.95478,7.95706,1.37,1.00
2016.05.03 02:59:03.151,7.95478,7.95706,1.07,1.00
2016.05.03 02:59:03.679,7.95478,7.95707,1.07,1.00
2016.05.03 02:59:05.423,7.95455,7.95697,1.37,1.00
2016.05.03 02:59:11.851,7.95448,7.95696,1.37,1.00
2016.05.03 02:59:15.630,7.95501,7.95696,1.00,1.00
2016.05.03 02:59:15.956,7.95544,7.95757,1.00,1.00
2016.05.03 02:59:17.853,7.95544,7.95817,1.00,1.00
2016.05.03 02:59:18.005,7.95544,7.95817,1.07,1.00
2016.05.03 02:59:19.214,7.95497,7.95817,1.07,1.00
2016.05.03 02:59:19.663,7.95484,7.95817,1.07,1.00
2016.05.03 02:59:20.584,7.95513,7.95817,1.00,1.00
2016.05.03 02:59:20.808,7.95503,7.95817,1.00,1.00
2016.05.03 02:59:22.982,7.95533,7.95817,1.00,1.00
2016.05.03 02:59:23.287,7.95553,7.95817,1.00,1.00
2016.05.03 02:59:25.929,7.95553,7.95817,1.07,1.00
2016.05.03 02:59:26.313,7.95573,7.95817,1.00,1.00
2016.05.03 02:59:26.909,7.95563,7.95817,1.00,1.00
2016.05.03 02:59:27.684,7.95573,7.95817,1.00,1.00
2016.05.03 02:59:27.884,7.95573,7.95837,1.00,1.00
2016.05.03 02:59:29.676,7.95583,7.95837,1.00,1.00
2016.05.03 02:59:30.118,7.95573,7.95837,1.00,1.00
2016.05.03 02:59:37.840,7.95583,7.95837,1.00,1.00
2016.05.03 02:59:38.200,7.95583,7.95827,1.00,1.00
2016.05.03 02:59:38.641,7.95593,7.95827,1.00,1.00
2016.05.03 02:59:39.044,7.95583,7.95827,1.00,1.00
2016.05.03 02:59:39.094,7.95583,7.95807,1.00,1.00
2016.05.03 02:59:39.363,7.95573,7.95807,1.07,1.00
2016.05.03 02:59:40.738,7.95564,7.95807,1.00,1.00
2016.05.03 02:59:56.743,7.95563,7.95807,1.00,1.00
