2011.03.18 14:00:00.617,6.31024,6.31204,1.50,1.31
2011.03.18 14:00:01.295,6.31024,6.31204,1.50,1.31
2011.03.18 14:00:01.945,6.31008,6.31204,2.25,1.31
2011.03.18 14:00:03.179,6.31024,6.31204,1.50,1.31
2011.03.18 14:00:03.409,6.31014,6.31189,1.50,1.31
2011.03.18 14:00:03.516,6.31,6.31189,2.25,1.31
2011.03.18 14:00:03.740,6.31,6.3118,2.25,1.31
2011.03.18 14:00:04.096,6.30998,6.31205,2.25,1.58
2011.03.18 14:00:04.695,6.31004,6.31205,1.50,1.60
2011.03.18 14:00:05.065,6.30995,6.31205,2.25,1.60
2011.03.18 14:00:05.620,6.31,6.31205,2.25,1.74
2011.03.18 14:00:05.847,6.31,6.31205,2.25,1.73
2011.03.18 14:00:07.290,6.31014,6.31205,1.50,1.66
2011.03.18 14:00:07.405,6.31001,6.31205,2.25,1.66
2011.03.18 14:00:07.519,6.31001,6.31176,1.50,5.02
2011.03.18 14:00:07.640,6.30981,6.31177,1.50,1.57
2011.03.18 14:00:07.758,6.30981,6.31177,1.50,1.67
2011.03.18 14:00:07.869,6.30981,6.31177,1.50,1.45
2011.03.18 14:00:07.990,6.31,6.31195,1.50,1.34
2011.03.18 14:00:08.108,6.31,6.31218,2.25,1.63
2011.03.18 14:00:08.716,6.31,6.31218,2.25,1.58
2011.03.18 14:00:08.828,6.31,6.31177,1.50,5.09
2011.03.18 14:00:09.248,6.31,6.31173,1.50,1.07
2011.03.18 14:00:09.369,6.30967,6.31157,1.50,1.53
2011.03.18 14:00:09.599,6.30949,6.31157,2.25,1.66
2011.03.18 14:00:09.929,6.30949,6.31155,1.50,1.12
2011.03.18 14:00:10.268,6.30944,6.31131,1.50,1.12
2011.03.18 14:00:10.639,6.31013,6.31186,5.10,4.50
2011.03.18 14:00:10.756,6.31013,6.31234,5.10,1.93
2011.03.18 14:00:10.866,6.3107,6.31273,1.50,1.07
2011.03.18 14:00:11.307,6.3107,6.31283,1.50,1.52
2011.03.18 14:00:11.527,6.31072,6.31283,1.50,1.52
2011.03.18 14:00:11.635,6.31056,6.31283,1.50,1.52
2011.03.18 14:00:11.860,6.31086,6.31278,2.10,1.09
2011.03.18 14:00:12.476,6.31086,6.31283,2.10,1.18
2011.03.18 14:00:13.058,6.31086,6.31283,2.10,1.18
2011.03.18 14:00:13.627,6.31086,6.31283,2.10,1.18
2011.03.18 14:00:15.057,6.31086,6.31294,2.10,1.39
2011.03.18 14:00:17.989,6.3109,6.31297,2.10,1.03
2011.03.18 14:00:18.661,6.31123,6.31325,5.10,1.43
2011.03.18 14:00:18.779,6.31123,6.31325,5.10,1.04
2011.03.18 14:00:18.997,6.31123,6.31333,5.10,1.16
2011.03.18 14:00:19.596,6.31123,6.31336,5.10,1.13
2011.03.18 14:00:19.976,6.31139,6.31336,2.10,1.16
2011.03.18 14:00:20.638,6.31113,6.31338,2.10,1.61
2011.03.18 14:00:20.747,6.31113,6.31338,2.10,1.61
2011.03.18 14:00:21.088,6.31123,6.31327,5.10,1.27
2011.03.18 14:00:21.335,6.31123,6.31333,5.10,1.09
2011.03.18 14:00:21.908,6.31113,6.31327,2.10,1.27
2011.03.18 14:00:22.236,6.31113,6.31308,2.10,1.27
2011.03.18 14:00:22.566,6.31113,6.31308,2.10,1.12
2011.03.18 14:00:22.676,6.31113,6.31317,2.10,1.12
2011.03.18 14:00:23.337,6.31123,6.31308,5.10,1.12
2011.03.18 14:00:23.776,6.31113,6.31319,2.10,1.12
2011.03.18 14:00:24.326,6.31173,6.31333,4.50,1.40
2011.03.18 14:00:24.656,6.31198,6.31373,2.10,1.40
2011.03.18 14:00:24.768,6.31198,6.31373,2.10,1.10
2011.03.18 14:00:24.877,6.31198,6.31381,2.10,1.01
2011.03.18 14:00:25.428,6.31198,6.31373,2.10,1.40
2011.03.18 14:00:25.866,6.31146,6.31332,1.35,1.25
2011.03.18 14:00:26.379,6.31153,6.31335,2.10,1.09
2011.03.18 14:00:26.609,6.31149,6.31352,1.35,1.91
2011.03.18 14:00:26.726,6.31149,6.3134,2.10,1.24
2011.03.18 14:00:26.948,6.31149,6.31338,1.35,1.03
2011.03.18 14:00:28.179,6.31149,6.31332,1.35,1.03
2011.03.18 14:00:28.297,6.31149,6.31338,1.35,1.03
2011.03.18 14:00:28.632,6.31182,6.31363,1.35,1.16
2011.03.18 14:00:28.750,6.31198,6.31376,1.35,1.24
2011.03.18 14:00:28.868,6.3121,6.31381,1.35,1.29
2011.03.18 14:00:28.977,6.3121,6.31405,1.35,1.16
2011.03.18 14:00:29.528,6.3121,6.31401,1.35,1.24
2011.03.18 14:00:29.638,6.3121,6.31378,1.35,1.03
2011.03.18 14:00:29.747,6.31191,6.31372,1.50,1.33
2011.03.18 14:00:29.858,6.31201,6.31388,1.35,1.16
2011.03.18 14:00:31.322,6.31201,6.31377,1.35,1.03
2011.03.18 14:00:33.057,6.3119,6.31371,1.35,1.12
2011.03.18 14:00:34.191,6.3119,6.31378,1.35,1.16
2011.03.18 14:00:34.307,6.3119,6.31372,1.35,1.16
2011.03.18 14:00:35.151,6.3119,6.31372,1.35,1.16
2011.03.18 14:00:35.488,6.31201,6.31388,1.35,1.24
2011.03.18 14:00:36.041,6.3119,6.31372,1.50,1.03
2011.03.18 14:00:36.361,6.31179,6.31369,1.35,1.28
2011.03.18 14:00:36.708,6.31174,6.31353,1.35,1.09
2011.03.18 14:00:37.038,6.31179,6.31363,1.35,1.16
2011.03.18 14:00:38.547,6.31179,6.31369,1.35,1.57
2011.03.18 14:00:38.657,6.31176,6.31371,1.35,1.35
2011.03.18 14:00:38.987,6.31212,6.31382,1.35,1.17
2011.03.18 14:00:39.208,6.31212,6.31402,1.35,1.37
2011.03.18 14:00:39.737,6.31218,6.31415,1.50,1.15
2011.03.18 14:00:40.068,6.31217,6.31281,1.50,1.50
2011.03.18 14:00:40.178,6.3116,6.31287,1.50,3.75
2011.03.18 14:00:40.287,6.31137,6.31287,1.50,4.18
2011.03.18 14:00:40.397,6.30992,6.31227,1.05,1.11
2011.03.18 14:00:41.053,6.30992,6.31228,1.05,1.20
2011.03.18 14:00:41.390,6.30993,6.31188,1.05,1.20
2011.03.18 14:00:41.610,6.31083,6.31245,5.10,1.50
2011.03.18 14:00:42.852,6.31083,6.31257,5.10,1.50
2011.03.18 14:00:43.190,6.31083,6.31244,5.10,1.17
2011.03.18 14:00:43.529,6.3105,6.31206,3.75,4.50
2011.03.18 14:00:43.648,6.3105,6.31206,3.75,1.40
2011.03.18 14:00:43.977,6.3106,6.3123,3.75,1.29
2011.03.18 14:00:44.087,6.30989,6.31231,4.50,1.42
2011.03.18 14:00:44.199,6.30989,6.31234,4.50,1.47
2011.03.18 14:00:44.308,6.30985,6.31206,4.50,4.50
2011.03.18 14:00:44.638,6.30968,6.31187,1.50,1.33
2011.03.18 14:00:44.746,6.30968,6.31225,1.50,1.31
2011.03.18 14:00:45.297,6.30968,6.31204,1.50,1.06
2011.03.18 14:00:45.407,6.30968,6.31206,1.50,4.73
2011.03.18 14:00:45.628,6.30968,6.31266,1.50,5.27
2011.03.18 14:00:45.849,6.30988,6.31247,1.50,5.58
2011.03.18 14:00:46.231,6.31054,6.31257,4.50,1.56
2011.03.18 14:00:46.567,6.31005,6.31206,1.50,4.50
2011.03.18 14:00:46.680,6.31005,6.31205,1.50,4.18
2011.03.18 14:00:47.018,6.30946,6.31102,1.50,1.17
2011.03.18 14:00:47.129,6.30946,6.31102,1.50,1.17
2011.03.18 14:00:47.240,6.30936,6.31112,1.50,1.19
2011.03.18 14:00:47.358,6.30937,6.31112,1.50,1.08
2011.03.18 14:00:47.687,6.30947,6.31112,1.50,1.01
2011.03.18 14:00:48.235,6.30947,6.31092,1.50,1.12
2011.03.18 14:00:48.805,6.30947,6.31092,1.50,1.26
2011.03.18 14:00:49.517,6.30947,6.31101,1.50,1.51
2011.03.18 14:00:49.907,6.30933,6.31092,1.05,1.42
2011.03.18 14:00:50.016,6.30908,6.31092,1.50,1.42
2011.03.18 14:00:51.471,6.30908,6.31088,1.50,1.38
2011.03.18 14:00:51.926,6.30908,6.31117,1.50,1.93
2011.03.18 14:00:52.766,6.3092,6.31129,1.50,1.03
2011.03.18 14:00:52.877,6.3092,6.31129,1.50,1.03
2011.03.18 14:00:53.097,6.30942,6.31129,1.05,1.03
2011.03.18 14:00:55.281,6.30932,6.31121,1.35,1.03
2011.03.18 14:00:55.399,6.30968,6.31145,2.10,1.69
2011.03.18 14:00:55.617,6.30993,6.3117,2.10,1.69
2011.03.18 14:00:59.006,6.31049,6.31211,1.50,1.12
2011.03.18 14:00:59.226,6.31044,6.31211,4.50,1.12
2011.03.18 14:00:59.336,6.31054,6.31239,1.50,2.10
2011.03.18 14:00:59.556,6.31054,6.31281,1.50,1.27
2011.03.18 14:01:00.157,6.31051,6.31256,1.50,1.27
2011.03.18 14:01:00.486,6.31044,6.31279,5.25,1.27
2011.03.18 14:01:00.817,6.311,6.31275,4.35,1.12
2011.03.18 14:01:01.147,6.31167,6.31333,2.10,1.18
2011.03.18 14:01:01.258,6.31134,6.3138,4.50,1.54
2011.03.18 14:01:01.366,6.31099,6.3138,1.50,1.54
2011.03.18 14:01:01.553,6.31091,6.31365,1.50,1.69
2011.03.18 14:01:01.668,6.31099,6.31365,1.50,1.69
2011.03.18 14:01:02.177,6.31111,6.31365,1.50,1.69
2011.03.18 14:01:02.286,6.31103,6.31364,5.10,2.44
2011.03.18 14:01:02.507,6.31113,6.31352,3.75,1.09
2011.03.18 14:01:03.089,6.31085,6.31317,2.85,4.93
2011.03.18 14:01:04.487,6.31084,6.31314,1.35,1.54
2011.03.18 14:01:06.349,6.31096,6.31312,1.35,1.69
2011.03.18 14:01:06.686,6.31096,6.31312,1.35,1.69
2011.03.18 14:01:07.020,6.31071,6.31202,1.50,2.10
2011.03.18 14:01:07.245,6.31058,6.31183,1.50,1.03
2011.03.18 14:01:07.647,6.31046,6.31202,1.50,2.10
2011.03.18 14:01:07.871,6.30931,6.31171,1.35,1.03
2011.03.18 14:01:08.967,6.30942,6.31141,1.50,1.03
2011.03.18 14:01:09.769,6.30942,6.31141,1.05,1.03
2011.03.18 14:01:09.880,6.30941,6.31175,1.05,2.10
2011.03.18 14:01:10.000,6.30941,6.31175,1.35,2.10
2011.03.18 14:01:10.119,6.30932,6.31175,1.05,2.10
2011.03.18 14:01:10.227,6.30941,6.31175,1.05,2.10
2011.03.18 14:01:10.446,6.30932,6.31175,1.05,2.10
2011.03.18 14:01:11.106,6.30937,6.31175,1.65,2.10
2011.03.18 14:01:12.056,6.3096,6.31175,1.05,2.10
2011.03.18 14:01:12.286,6.3096,6.31179,1.65,2.10
2011.03.18 14:01:12.946,6.3096,6.31179,1.35,2.10
2011.03.18 14:01:13.920,6.30932,6.31154,2.55,2.10
2011.03.18 14:01:14.148,6.3094,6.31154,1.05,2.10
2011.03.18 14:01:16.251,6.3095,6.31154,1.80,2.10
2011.03.18 14:01:16.697,6.30959,6.31154,1.05,2.10
2011.03.18 14:01:16.811,6.30966,6.31207,1.50,2.10
2011.03.18 14:01:16.927,6.30984,6.31207,1.05,2.10
2011.03.18 14:01:17.368,6.30984,6.31203,1.50,1.12
2011.03.18 14:01:17.477,6.30984,6.31178,1.50,1.03
2011.03.18 14:01:17.811,6.31003,6.31209,1.50,1.12
2011.03.18 14:01:18.037,6.31013,6.31209,1.05,1.12
2011.03.18 14:01:18.257,6.30992,6.31209,1.05,1.54
2011.03.18 14:01:18.586,6.31008,6.31209,1.05,1.54
2011.03.18 14:01:20.880,6.31024,6.31209,1.20,1.54
2011.03.18 14:01:21.221,6.30984,6.31164,2.40,1.12
2011.03.18 14:01:21.341,6.30965,6.31163,2.25,1.03
2011.03.18 14:01:21.458,6.30952,6.31163,1.35,2.29
2011.03.18 14:01:21.569,6.3095,6.31139,2.25,1.12
2011.03.18 14:01:21.800,6.30939,6.31131,2.25,1.12
2011.03.18 14:01:21.919,6.30928,6.31123,2.25,1.12
2011.03.18 14:01:22.027,6.30928,6.31104,1.50,1.12
2011.03.18 14:01:22.138,6.30912,6.31104,2.25,1.12
2011.03.18 14:01:22.247,6.309,6.31102,1.50,1.69
2011.03.18 14:01:23.817,6.30886,6.31102,2.25,1.69
2011.03.18 14:01:24.180,6.30899,6.31102,1.35,1.69
2011.03.18 14:01:24.303,6.30914,6.31102,1.35,1.27
2011.03.18 14:01:24.528,6.3093,6.31143,1.35,1.69
2011.03.18 14:01:25.697,6.3093,6.31143,1.35,1.69
2011.03.18 14:01:26.246,6.3093,6.31134,1.35,1.69
2011.03.18 14:01:26.864,6.3093,6.31145,1.35,1.54
2011.03.18 14:01:27.300,6.30937,6.31145,1.50,1.54
2011.03.18 14:01:27.419,6.30953,6.31145,1.05,1.54
2011.03.18 14:01:27.637,6.30963,6.31172,1.05,1.54
2011.03.18 14:01:27.747,6.30963,6.31172,1.05,1.12
2011.03.18 14:01:29.406,6.30967,6.3117,1.50,1.27
2011.03.18 14:01:30.214,6.30967,6.31172,2.40,1.12
2011.03.18 14:01:30.332,6.3098,6.31172,2.25,1.12
2011.03.18 14:01:31.221,6.30988,6.31172,1.50,1.12
2011.03.18 14:01:31.557,6.31015,6.31214,1.20,1.12
2011.03.18 14:01:31.669,6.31013,6.31214,1.05,1.12
2011.03.18 14:01:33.029,6.31004,6.31201,1.05,1.27
2011.03.18 14:01:33.467,6.30985,6.31177,1.35,1.12
2011.03.18 14:01:33.581,6.30985,6.31177,1.35,1.12
2011.03.18 14:01:34.031,6.30985,6.31173,1.35,1.12
2011.03.18 14:01:34.148,6.30985,6.31173,1.35,1.12
2011.03.18 14:01:34.368,6.30991,6.31173,1.35,1.12
2011.03.18 14:01:35.026,6.30991,6.31169,1.35,1.31
2011.03.18 14:01:35.248,6.30991,6.31173,1.35,1.83
2011.03.18 14:01:35.358,6.30991,6.31173,1.50,2.18
2011.03.18 14:01:35.936,6.30991,6.31173,1.50,1.15
2011.03.18 14:01:36.269,6.31015,6.31177,2.10,1.71
2011.03.18 14:01:36.389,6.31015,6.31182,2.10,1.38
2011.03.18 14:01:36.766,6.31041,6.3121,1.35,1.52
2011.03.18 14:01:36.881,6.31041,6.3122,1.35,1.39
2011.03.18 14:01:37.107,6.31041,6.3122,1.35,1.32
2011.03.18 14:01:37.218,6.31024,6.3122,1.35,1.30
2011.03.18 14:01:37.437,6.31023,6.31202,1.35,1.21
2011.03.18 14:01:38.417,6.31023,6.31202,1.35,1.24
2011.03.18 14:01:39.317,6.31023,6.31202,1.65,1.23
2011.03.18 14:01:39.996,6.31012,6.31203,1.05,1.05
2011.03.18 14:01:40.217,6.31003,6.31203,1.05,1.03
2011.03.18 14:01:40.329,6.31049,6.31203,2.10,1.03
2011.03.18 14:01:40.448,6.31049,6.31216,2.10,1.24
2011.03.18 14:01:41.391,6.31049,6.31216,2.10,1.26
2011.03.18 14:01:42.872,6.31049,6.31216,2.10,1.24
2011.03.18 14:01:43.368,6.31049,6.31216,2.10,1.12
2011.03.18 14:01:47.016,6.31037,6.31214,1.35,2.10
2011.03.18 14:01:51.759,6.31053,6.31225,2.10,1.20
2011.03.18 14:01:51.881,6.31053,6.31225,2.10,1.12
2011.03.18 14:01:54.069,6.31033,6.3121,1.35,2.10
2011.03.18 14:01:55.607,6.31022,6.31198,1.65,1.01
2011.03.18 14:01:56.146,6.31022,6.31197,1.35,1.19
2011.03.18 14:01:57.489,6.31022,6.31198,1.35,1.04
2011.03.18 14:01:57.712,6.31027,6.31208,1.05,1.40
2011.03.18 14:01:58.047,6.31048,6.31227,1.35,1.86
2011.03.18 14:01:58.630,6.31048,6.31227,1.35,1.12
2011.03.18 14:01:58.746,6.31048,6.31227,1.35,1.12
2011.03.18 14:01:59.912,6.31048,6.31227,1.35,1.12
2011.03.18 14:02:02.130,6.31048,6.31227,1.35,1.12
2011.03.18 14:02:02.356,6.31048,6.31227,1.35,1.12
2011.03.18 14:02:02.936,6.31048,6.31227,1.35,1.12
2011.03.18 14:02:03.369,6.31048,6.31227,1.35,1.12
2011.03.18 14:02:03.531,6.31048,6.31227,1.35,1.12
2011.03.18 14:02:04.170,6.31046,6.31218,1.50,2.29
2011.03.18 14:02:05.318,6.31158,6.31345,2.10,1.46
2011.03.18 14:02:05.538,6.31164,6.31376,5.10,1.03
2011.03.18 14:02:07.428,6.31164,6.31352,4.50,1.03
2011.03.18 14:02:07.537,6.31108,6.31335,3.00,1.03
2011.03.18 14:02:07.758,6.31124,6.31335,4.50,1.03
2011.03.18 14:02:09.240,6.31124,6.31334,4.65,1.19
2011.03.18 14:02:10.635,6.31124,6.31335,4.50,1.12
2011.03.18 14:02:10.855,6.31124,6.31335,4.65,1.12
2011.03.18 14:02:11.378,6.31136,6.31354,1.50,1.15
2011.03.18 14:02:11.962,6.31144,6.31345,4.50,1.04
2011.03.18 14:02:12.307,6.31108,6.31324,2.10,1.04
2011.03.18 14:02:14.317,6.31128,6.31325,1.35,1.18
2011.03.18 14:02:14.539,6.31144,6.31357,4.95,1.25
2011.03.18 14:02:14.661,6.31144,6.31357,5.25,1.09
2011.03.18 14:02:15.283,6.31144,6.31358,5.25,1.11
2011.03.18 14:02:18.637,6.31139,6.31358,2.25,1.11
2011.03.18 14:02:19.101,6.31143,6.31358,5.10,1.11
2011.03.18 14:02:19.327,6.31143,6.31358,5.25,1.11
2011.03.18 14:02:20.083,6.31163,6.31357,1.05,1.08
2011.03.18 14:02:22.967,6.31139,6.31346,2.25,1.03
2011.03.18 14:02:23.623,6.31124,6.31334,2.25,1.02
2011.03.18 14:02:24.176,6.31117,6.31321,1.65,1.11
2011.03.18 14:02:25.887,6.31122,6.31329,1.05,1.22
2011.03.18 14:02:26.300,6.31128,6.31329,1.50,1.11
2011.03.18 14:02:26.747,6.31121,6.3133,1.50,1.14
2011.03.18 14:02:28.299,6.31121,6.31277,1.50,5.00
2011.03.18 14:02:28.628,6.3112,6.31283,1.50,1.24
2011.03.18 14:02:28.737,6.31112,6.31283,1.50,1.15
2011.03.18 14:02:30.527,6.31112,6.31283,1.50,1.23
2011.03.18 14:02:31.188,6.311,6.31283,1.50,1.22
2011.03.18 14:02:33.618,6.311,6.31283,1.50,1.31
2011.03.18 14:02:34.057,6.311,6.31303,1.50,1.29
2011.03.18 14:02:34.276,6.311,6.31303,1.50,1.32
2011.03.18 14:02:34.963,6.311,6.31304,1.50,1.08
2011.03.18 14:02:35.079,6.31134,6.31338,1.50,1.26
2011.03.18 14:02:35.188,6.31134,6.31338,1.50,1.21
2011.03.18 14:02:35.298,6.31134,6.31317,1.50,5.18
2011.03.18 14:02:35.407,6.3111,6.31314,1.50,1.15
2011.03.18 14:02:40.057,6.3112,6.31324,1.50,1.20
2011.03.18 14:02:40.929,6.31135,6.31324,1.50,1.11
2011.03.18 14:02:41.040,6.31136,6.3134,1.50,1.08
2011.03.18 14:02:41.378,6.31136,6.31365,1.65,1.14
2011.03.18 14:02:41.858,6.31162,6.31365,1.50,1.22
2011.03.18 14:02:43.776,6.31153,6.31356,1.50,1.26
2011.03.18 14:02:48.046,6.31173,6.31356,1.05,1.10
2011.03.18 14:02:52.338,6.31177,6.31356,1.20,1.02
2011.03.18 14:02:54.677,6.31188,6.31369,1.20,1.14
2011.03.18 14:02:55.227,6.31183,6.3138,1.05,1.18
2011.03.18 14:02:59.948,6.31199,6.31376,1.50,1.27
2011.03.18 14:03:00.277,6.31199,6.31376,1.50,1.27
2011.03.18 14:03:00.388,6.31224,6.31366,1.20,1.05
2011.03.18 14:03:00.497,6.31224,6.3137,1.50,1.10
2011.03.18 14:03:00.716,6.31199,6.3137,1.50,1.10
2011.03.18 14:03:01.269,6.31199,6.31382,1.50,1.50
2011.03.18 14:03:01.486,6.31199,6.31337,1.50,1.05
2011.03.18 14:03:05.197,6.31187,6.31294,1.50,1.06
2011.03.18 14:03:05.867,6.31205,6.31304,1.50,1.10
2011.03.18 14:03:06.418,6.31214,6.31314,1.50,1.06
2011.03.18 14:03:07.457,6.31214,6.31309,1.50,1.06
2011.03.18 14:03:10.958,6.31215,6.31313,1.50,1.05
2011.03.18 14:03:11.072,6.31215,6.31335,1.50,1.19
2011.03.18 14:03:11.411,6.31215,6.31397,1.50,1.20
2011.03.18 14:03:11.638,6.31244,6.3141,1.50,1.24
2011.03.18 14:03:13.176,6.31243,6.31404,1.50,1.02
2011.03.18 14:03:13.701,6.31267,6.31429,1.50,1.19
2011.03.18 14:03:13.931,6.31268,6.31432,1.50,1.06
2011.03.18 14:03:14.159,6.31268,6.31456,1.50,1.13
2011.03.18 14:03:14.488,6.31268,6.31456,1.50,1.13
2011.03.18 14:03:14.599,6.3128,6.31461,1.50,1.45
2011.03.18 14:03:15.477,6.31291,6.31461,1.50,1.43
2011.03.18 14:03:15.807,6.31291,6.31454,1.50,1.04
2011.03.18 14:03:17.281,6.31263,6.31456,1.50,1.47
2011.03.18 14:03:17.400,6.31263,6.31442,1.50,1.15
2011.03.18 14:03:17.849,6.31263,6.31431,1.50,1.02
2011.03.18 14:03:18.068,6.31275,6.31441,1.50,1.24
2011.03.18 14:03:18.289,6.31274,6.31451,1.50,1.15
2011.03.18 14:03:18.506,6.31283,6.31451,1.50,1.15
2011.03.18 14:03:18.836,6.31283,6.31457,1.50,1.34
2011.03.18 14:03:19.167,6.31269,6.31442,1.50,1.24
2011.03.18 14:03:19.706,6.31269,6.31443,1.50,1.39
2011.03.18 14:03:20.576,6.3126,6.31443,1.50,1.39
2011.03.18 14:03:21.664,6.3126,6.31442,1.50,1.04
2011.03.18 14:03:23.947,6.31271,6.31442,1.50,1.04
2011.03.18 14:03:24.056,6.31271,6.31452,1.50,1.20
2011.03.18 14:03:24.166,6.3126,6.31452,1.50,1.20
2011.03.18 14:03:24.277,6.3126,6.31439,1.50,1.30
2011.03.18 14:03:24.497,6.3126,6.31466,1.50,1.30
2011.03.18 14:03:24.782,6.3126,6.31466,1.50,1.30
2011.03.18 14:03:27.851,6.31277,6.3145,1.50,1.09
2011.03.18 14:03:28.297,6.31277,6.31466,1.50,1.54
2011.03.18 14:03:29.028,6.31277,6.3146,1.50,1.30
2011.03.18 14:03:29.575,6.31276,6.3146,1.50,1.30
2011.03.18 14:03:30.504,6.31276,6.31451,1.50,1.18
2011.03.18 14:03:30.632,6.31223,6.31402,1.50,1.34
2011.03.18 14:03:30.861,6.31223,6.31393,1.50,1.52
2011.03.18 14:03:30.982,6.31223,6.31378,1.50,1.05
2011.03.18 14:03:31.538,6.31223,6.31391,1.50,1.04
2011.03.18 14:03:34.975,6.31236,6.31406,1.50,1.41
2011.03.18 14:03:35.464,6.31246,6.31409,1.50,1.02
2011.03.18 14:03:35.576,6.31247,6.31429,1.50,1.09
2011.03.18 14:03:35.905,6.31256,6.31429,1.50,1.09
2011.03.18 14:03:36.896,6.31256,6.3142,1.50,1.11
2011.03.18 14:03:37.246,6.31256,6.31428,1.50,1.02
2011.03.18 14:03:40.137,6.31256,6.31433,1.50,1.35
2011.03.18 14:03:40.729,6.31256,6.31433,1.50,1.40
2011.03.18 14:03:44.146,6.31264,6.31459,2.25,1.17
2011.03.18 14:03:44.256,6.31264,6.31459,2.25,1.04
2011.03.18 14:03:44.366,6.31248,6.31458,2.25,1.70
2011.03.18 14:03:44.585,6.31239,6.31434,2.25,1.65
2011.03.18 14:03:44.698,6.31243,6.31427,1.05,1.08
2011.03.18 14:03:45.027,6.31239,6.3143,2.25,1.01
2011.03.18 14:03:45.414,6.31252,6.3143,1.05,1.01
2011.03.18 14:03:45.951,6.31252,6.31426,1.05,1.12
2011.03.18 14:03:46.435,6.31255,6.31427,1.20,1.03
2011.03.18 14:03:46.546,6.31255,6.31434,1.20,1.50
2011.03.18 14:03:47.325,6.31246,6.31427,1.20,1.13
2011.03.18 14:03:48.175,6.31246,6.31427,1.50,1.13
2011.03.18 14:03:48.470,6.31246,6.31427,1.20,1.13
2011.03.18 14:03:48.679,6.31246,6.31427,1.50,1.13
2011.03.18 14:03:48.947,6.31246,6.31427,1.50,1.13
2011.03.18 14:03:49.058,6.31246,6.31427,1.35,1.50
2011.03.18 14:03:49.386,6.31246,6.31451,1.20,1.72
2011.03.18 14:03:49.606,6.31242,6.31451,2.25,1.45
2011.03.18 14:03:49.715,6.31242,6.31443,2.25,1.08
2011.03.18 14:03:50.216,6.31247,6.31436,1.50,1.08
2011.03.18 14:03:50.546,6.31246,6.31445,1.20,1.06
2011.03.18 14:03:50.766,6.31246,6.31446,1.50,1.08
2011.03.18 14:03:51.792,6.31242,6.31451,1.05,1.27
2011.03.18 14:03:52.018,6.31236,6.31435,1.50,1.27
2011.03.18 14:03:52.347,6.31222,6.31421,1.05,1.08
2011.03.18 14:03:52.458,6.31231,6.31425,1.50,1.08
2011.03.18 14:03:52.567,6.31231,6.31425,2.25,1.08
2011.03.18 14:03:52.789,6.31248,6.31453,1.50,1.12
2011.03.18 14:03:53.007,6.31248,6.31458,2.10,1.70
2011.03.18 14:03:53.336,6.31248,6.31458,2.25,1.92
2011.03.18 14:03:53.778,6.31258,6.31458,1.50,1.45
2011.03.18 14:03:56.051,6.31308,6.315,1.50,1.27
2011.03.18 14:03:56.452,6.31322,6.315,1.50,1.27
2011.03.18 14:03:56.573,6.31322,6.31526,2.25,1.12
2011.03.18 14:03:58.327,6.31331,6.31526,1.05,1.12
2011.03.18 14:03:58.657,6.31322,6.31526,2.55,1.12
2011.03.18 14:03:59.369,6.31331,6.31526,1.05,1.12
2011.03.18 14:04:01.799,6.31331,6.31526,1.35,1.12
2011.03.18 14:04:02.574,6.31345,6.31549,1.20,1.27
2011.03.18 14:04:04.370,6.31345,6.31549,1.50,1.27
2011.03.18 14:04:04.599,6.31372,6.31578,1.05,1.54
2011.03.18 14:04:05.071,6.31362,6.31578,1.05,1.54
2011.03.18 14:04:05.300,6.31425,6.31566,1.50,5.02
2011.03.18 14:04:05.418,6.31425,6.31566,1.50,4.50
2011.03.18 14:04:05.528,6.31425,6.31606,1.50,1.27
2011.03.18 14:04:06.298,6.31363,6.31594,5.25,1.12
2011.03.18 14:04:06.408,6.31379,6.31566,1.50,4.93
2011.03.18 14:04:06.517,6.31363,6.31566,1.05,5.44
2011.03.18 14:04:06.736,6.31363,6.31566,1.05,5.44
2011.03.18 14:04:08.677,6.31362,6.31566,1.05,5.44
2011.03.18 14:04:10.219,6.31385,6.31566,1.35,5.44
2011.03.18 14:04:10.439,6.31409,6.31606,1.35,1.27
2011.03.18 14:04:10.876,6.31421,6.31639,1.35,1.27
2011.03.18 14:04:11.210,6.3142,6.31614,2.25,1.12
2011.03.18 14:04:11.329,6.31399,6.31587,1.50,4.50
2011.03.18 14:04:11.722,6.31387,6.31587,1.50,4.50
2011.03.18 14:04:11.947,6.31387,6.31591,1.50,1.12
2011.03.18 14:04:13.508,6.31387,6.31586,1.50,4.50
2011.03.18 14:04:17.846,6.31387,6.31591,1.50,1.12
2011.03.18 14:04:18.287,6.31385,6.31597,2.25,1.12
2011.03.18 14:04:18.506,6.31385,6.31597,2.25,1.12
2011.03.18 14:04:20.218,6.31409,6.31597,1.35,1.12
2011.03.18 14:04:21.248,6.31532,6.31613,1.50,1.27
2011.03.18 14:04:21.468,6.31532,6.31691,1.50,1.27
2011.03.18 14:04:21.577,6.31532,6.31716,1.50,1.27
2011.03.18 14:04:21.687,6.31532,6.31732,1.50,1.35
2011.03.18 14:04:21.796,6.31532,6.31733,1.50,1.12
2011.03.18 14:04:26.067,6.31606,6.31757,2.10,1.27
2011.03.18 14:04:26.400,6.31437,6.31628,1.08,2.10
2011.03.18 14:04:26.517,6.31428,6.31628,1.35,2.10
2011.03.18 14:04:26.738,6.31435,6.31647,2.10,2.10
2011.03.18 14:04:28.188,6.31453,6.31658,1.05,2.10
2011.03.18 14:04:28.304,6.31434,6.31637,1.50,5.10
2011.03.18 14:04:36.229,6.31432,6.31637,1.35,5.10
2011.03.18 14:04:36.340,6.31413,6.3162,1.05,2.10
2011.03.18 14:04:37.492,6.31402,6.31587,1.05,4.50
2011.03.18 14:04:37.728,6.31392,6.31587,1.05,5.10
2011.03.18 14:04:37.947,6.31382,6.31587,1.05,5.10
2011.03.18 14:04:39.666,6.314,6.31587,1.05,5.10
2011.03.18 14:04:41.336,6.31393,6.31587,1.05,5.10
2011.03.18 14:04:41.666,6.31377,6.31569,1.95,1.12
2011.03.18 14:04:43.019,6.31395,6.3158,1.35,1.27
2011.03.18 14:04:43.130,6.31399,6.31594,1.50,1.12
2011.03.18 14:04:43.250,6.31399,6.31594,1.50,1.12
2011.03.18 14:04:43.369,6.31415,6.31594,1.50,1.12
2011.03.18 14:04:43.702,6.31426,6.31614,1.50,1.12
2011.03.18 14:04:44.038,6.31447,6.31624,1.50,2.10
2011.03.18 14:04:44.366,6.31447,6.31624,1.20,2.10
2011.03.18 14:04:44.736,6.31447,6.3165,1.50,1.27
2011.03.18 14:04:44.957,6.31442,6.3165,1.05,1.27
2011.03.18 14:04:45.178,6.31442,6.31661,1.05,1.27
2011.03.18 14:04:46.351,6.31457,6.31661,1.20,1.27
2011.03.18 14:04:47.048,6.31457,6.31661,1.20,1.27
2011.03.18 14:04:53.658,6.31452,6.31661,1.05,1.27
2011.03.18 14:04:53.876,6.31454,6.31681,1.65,1.27
2011.03.18 14:04:54.096,6.31462,6.3169,1.05,1.12
2011.03.18 14:04:55.142,6.31469,6.3169,1.50,1.12
2011.03.18 14:04:56.406,6.31472,6.31686,1.05,1.27
2011.03.18 14:04:56.847,6.31483,6.3169,1.05,1.12
2011.03.18 14:04:57.175,6.31491,6.3169,1.35,1.12
2011.03.18 14:04:58.157,6.31482,6.3169,1.05,1.12
2011.03.18 14:04:58.267,6.31483,6.3171,1.65,1.69
2011.03.18 14:04:58.926,6.31482,6.31706,1.80,5.44
2011.03.18 14:05:00.517,6.31493,6.31668,1.05,3.16
2011.03.18 14:05:01.503,6.31493,6.31667,1.05,2.58
2011.03.18 14:05:04.488,6.31493,6.31672,1.05,1.74
2011.03.18 14:05:04.599,6.31493,6.31675,1.05,2.26
2011.03.18 14:05:09.856,6.31493,6.31672,1.05,1.67
2011.03.18 14:05:09.967,6.31503,6.31718,1.05,1.69
2011.03.18 14:05:10.078,6.31506,6.31718,1.20,1.69
2011.03.18 14:05:10.622,6.31576,6.31783,2.10,1.50
2011.03.18 14:05:10.740,6.31576,6.31783,1.50,2.10
2011.03.18 14:05:10.861,6.31517,6.31783,2.10,2.53
2011.03.18 14:05:16.558,6.31553,6.31782,1.35,1.93
2011.03.18 14:05:21.088,6.31553,6.31782,1.35,1.93
2011.03.18 14:05:21.417,6.31557,6.3172,1.50,1.54
2011.03.18 14:05:23.133,6.31557,6.31701,1.50,1.85
2011.03.18 14:05:23.768,6.31557,6.31695,1.50,1.23
2011.03.18 14:05:25.177,6.31557,6.317,1.50,1.12
2011.03.18 14:05:25.335,6.31557,6.31703,1.50,1.71
2011.03.18 14:05:25.834,6.31582,6.31703,1.50,1.66
2011.03.18 14:05:26.378,6.31585,6.31703,1.50,1.66
2011.03.18 14:05:26.986,6.31585,6.31712,1.50,1.42
2011.03.18 14:05:30.463,6.31574,6.31777,1.50,1.30
2011.03.18 14:05:30.688,6.31574,6.31789,1.50,1.23
2011.03.18 14:05:31.262,6.31584,6.31788,1.50,1.23
2011.03.18 14:05:32.777,6.31584,6.318,1.50,1.28
2011.03.18 14:05:33.107,6.31597,6.318,1.50,1.28
2011.03.18 14:05:33.546,6.31597,6.318,1.50,1.31
2011.03.18 14:05:35.056,6.31597,6.318,1.50,1.31
2011.03.18 14:05:35.436,6.31597,6.318,1.50,1.27
2011.03.18 14:05:38.273,6.31597,6.318,1.50,1.19
2011.03.18 14:05:38.877,6.31597,6.318,1.50,1.31
2011.03.18 14:05:40.608,6.31597,6.318,1.50,1.28
2011.03.18 14:05:41.612,6.31597,6.318,1.50,1.25
2011.03.18 14:05:42.131,6.31588,6.318,1.50,1.31
2011.03.18 14:05:42.252,6.31588,6.31791,1.50,1.29
2011.03.18 14:05:43.557,6.31588,6.31775,1.50,1.22
2011.03.18 14:05:43.777,6.31571,6.31775,1.50,1.33
2011.03.18 14:05:44.110,6.31565,6.31746,1.50,1.28
2011.03.18 14:05:44.228,6.31541,6.31746,1.50,1.28
2011.03.18 14:05:45.946,6.31529,6.31733,1.50,1.35
2011.03.18 14:05:46.482,6.31529,6.31733,1.50,1.26
2011.03.18 14:05:46.940,6.31529,6.31716,1.50,5.23
2011.03.18 14:05:47.057,6.31529,6.31715,1.50,1.31
2011.03.18 14:05:47.167,6.31511,6.31715,1.50,1.31
2011.03.18 14:05:48.050,6.31499,6.31703,1.50,1.17
2011.03.18 14:05:48.170,6.31481,6.31703,1.50,1.27
2011.03.18 14:05:48.399,6.31481,6.31686,1.50,1.18
2011.03.18 14:05:53.260,6.31481,6.31686,1.50,1.32
2011.03.18 14:05:53.377,6.31481,6.31686,1.50,1.32
2011.03.18 14:05:53.708,6.31502,6.31706,1.50,1.29
2011.03.18 14:05:55.759,6.31502,6.31685,1.50,1.29
2011.03.18 14:05:55.869,6.31469,6.31685,1.50,1.25
2011.03.18 14:05:58.669,6.31468,6.31666,1.50,5.27
2011.03.18 14:05:59.108,6.31393,6.31606,1.50,5.32
2011.03.18 14:05:59.218,6.31373,6.31606,1.05,6.82
2011.03.18 14:05:59.437,6.31392,6.31606,1.05,6.82
2011.03.18 14:05:59.939,6.31393,6.31606,1.05,6.82
2011.03.18 14:06:00.529,6.31382,6.31586,1.05,6.82
2011.03.18 14:06:00.637,6.31392,6.31586,1.05,6.82
2011.03.18 14:06:00.968,6.31393,6.31586,1.20,2.32
2011.03.18 14:06:01.273,6.31393,6.31586,1.50,2.32
2011.03.18 14:06:01.393,6.31408,6.31599,1.20,2.26
2011.03.18 14:06:01.621,6.31392,6.31599,1.05,2.26
2011.03.18 14:06:01.851,6.31407,6.31656,4.50,1.60
2011.03.18 14:06:01.970,6.31413,6.31658,5.25,1.37
2011.03.18 14:06:02.092,6.31413,6.31658,5.25,1.18
2011.03.18 14:06:03.437,6.31464,6.31658,4.50,1.27
2011.03.18 14:06:03.549,6.31413,6.31658,5.25,1.23
2011.03.18 14:06:03.658,6.31413,6.31658,5.25,1.23
2011.03.18 14:06:03.766,6.31413,6.31646,5.25,1.17
2011.03.18 14:06:03.987,6.31413,6.31645,5.25,1.17
2011.03.18 14:06:04.097,6.31413,6.31639,5.25,1.01
2011.03.18 14:06:04.207,6.31464,6.31639,4.50,1.01
2011.03.18 14:06:05.491,6.31413,6.31646,5.40,1.46
2011.03.18 14:06:05.849,6.31423,6.31638,1.05,1.26
2011.03.18 14:06:06.650,6.31423,6.31638,1.50,1.26
2011.03.18 14:06:06.967,6.31423,6.31639,1.05,1.43
2011.03.18 14:06:07.299,6.31444,6.31652,5.25,1.02
2011.03.18 14:06:07.417,6.31444,6.31656,5.25,1.30
2011.03.18 14:06:07.528,6.31475,6.31696,1.50,2.37
2011.03.18 14:06:07.970,6.31483,6.31688,1.50,1.20
2011.03.18 14:06:09.072,6.31503,6.31703,1.05,1.23
2011.03.18 14:06:09.628,6.31513,6.31715,1.65,1.29
2011.03.18 14:06:12.526,6.31502,6.31665,1.05,1.53
2011.03.18 14:06:12.638,6.31443,6.31665,1.05,2.04
2011.03.18 14:06:13.100,6.31409,6.31602,1.50,1.26
2011.03.18 14:06:13.899,6.31409,6.31602,1.50,1.28
2011.03.18 14:06:14.009,6.31417,6.31602,1.50,1.30
2011.03.18 14:06:14.446,6.31417,6.31602,1.50,1.26
2011.03.18 14:06:14.669,6.31409,6.31602,1.50,1.26
2011.03.18 14:06:14.780,6.3144,6.31607,2.10,5.16
2011.03.18 14:06:15.008,6.31409,6.31606,1.50,1.26
2011.03.18 14:06:15.227,6.31409,6.31602,1.50,1.11
2011.03.18 14:06:16.948,6.31409,6.31602,1.50,1.13
2011.03.18 14:06:17.166,6.31417,6.31602,1.50,1.07
2011.03.18 14:06:17.277,6.31417,6.31602,1.50,1.07
2011.03.18 14:06:17.842,6.31417,6.31602,1.50,1.05
2011.03.18 14:06:17.961,6.31417,6.31606,1.50,1.58
2011.03.18 14:06:18.081,6.31409,6.31606,1.50,1.58
2011.03.18 14:06:18.197,6.31409,6.31606,1.50,1.58
2011.03.18 14:06:19.266,6.31409,6.31606,1.50,1.58
2011.03.18 14:06:19.377,6.31409,6.31606,1.50,1.58
2011.03.18 14:06:19.709,6.31463,6.31602,2.10,1.03
2011.03.18 14:06:20.038,6.31463,6.3166,2.10,1.62
2011.03.18 14:06:20.146,6.31463,6.3166,2.10,1.48
2011.03.18 14:06:20.586,6.31463,6.31651,2.10,1.38
2011.03.18 14:06:21.467,6.31463,6.3166,2.10,1.30
2011.03.18 14:06:22.324,6.31495,6.31689,2.10,1.44
2011.03.18 14:06:22.547,6.31495,6.31689,2.10,1.41
2011.03.18 14:06:25.687,6.31495,6.31689,2.10,1.50
2011.03.18 14:06:25.800,6.31474,6.31678,1.35,1.39
2011.03.18 14:06:26.028,6.31468,6.31677,1.35,1.32
2011.03.18 14:06:26.139,6.31468,6.31655,1.35,1.30
2011.03.18 14:06:26.510,6.31438,6.31642,1.35,1.30
2011.03.18 14:06:32.488,6.31457,6.31642,2.10,1.27
2011.03.18 14:06:32.928,6.31458,6.31663,1.35,1.35
2011.03.18 14:06:33.039,6.31437,6.31663,2.85,1.34
2011.03.18 14:06:33.477,6.31413,6.3165,1.50,1.30
2011.03.18 14:06:33.807,6.31423,6.31641,1.05,1.30
2011.03.18 14:06:34.956,6.31413,6.31631,1.05,1.27
2011.03.18 14:06:35.537,6.31422,6.31631,1.05,1.27
2011.03.18 14:06:35.651,6.31444,6.31631,4.50,1.27
2011.03.18 14:06:36.262,6.31444,6.31648,5.25,1.30
2011.03.18 14:06:37.086,6.31408,6.31637,1.50,1.30
2011.03.18 14:06:38.498,6.31443,6.31637,4.50,1.30
2011.03.18 14:06:38.609,6.31443,6.31646,4.50,1.30
2011.03.18 14:06:39.686,6.31422,6.31646,1.05,1.30
2011.03.18 14:06:39.797,6.31443,6.31646,4.50,1.30
2011.03.18 14:06:40.017,6.31443,6.31647,4.50,1.30
2011.03.18 14:06:40.601,6.31443,6.31648,5.25,1.30
2011.03.18 14:06:41.199,6.31443,6.31657,5.25,1.30
2011.03.18 14:06:41.857,6.31493,6.31665,4.50,1.35
2011.03.18 14:06:41.969,6.31493,6.31665,4.50,1.36
2011.03.18 14:06:42.079,6.31493,6.31665,4.50,1.35
2011.03.18 14:06:42.188,6.31493,6.31689,4.50,1.45
2011.03.18 14:06:44.114,6.31458,6.31678,1.50,1.41
2011.03.18 14:06:44.637,6.31534,6.31678,4.50,1.43
2011.03.18 14:06:44.747,6.31484,6.31678,4.50,1.30
2011.03.18 14:06:44.858,6.31484,6.317,5.25,1.47
2011.03.18 14:06:45.297,6.31484,6.31709,5.25,1.53
2011.03.18 14:06:45.627,6.31468,6.31694,3.00,1.47
2011.03.18 14:06:45.737,6.31493,6.31694,4.50,1.47
2011.03.18 14:06:45.849,6.31467,6.31704,1.50,1.67
2011.03.18 14:06:46.290,6.31543,6.31814,5.10,2.33
2011.03.18 14:06:46.408,6.31548,6.31814,2.85,1.73
2011.03.18 14:06:46.736,6.31543,6.31814,5.43,2.33
2011.03.18 14:06:48.108,6.31605,6.31816,1.83,1.64
2011.03.18 14:06:48.437,6.31614,6.31816,4.83,1.58
2011.03.18 14:06:49.207,6.31709,6.31816,2.10,1.56
2011.03.18 14:06:49.319,6.31709,6.31816,1.50,1.14
2011.03.18 14:06:49.427,6.31696,6.31856,1.83,2.17
2011.03.18 14:06:49.539,6.31696,6.31845,1.83,1.42
2011.03.18 14:06:49.652,6.31663,6.31865,2.10,1.29
2011.03.18 14:06:49.771,6.31641,6.31859,2.43,1.45
2011.03.18 14:06:50.658,6.31668,6.31874,2.43,1.52
2011.03.18 14:06:50.989,6.31677,6.31883,1.08,1.42
2011.03.18 14:06:51.100,6.31677,6.31883,1.08,2.14
2011.03.18 14:06:51.648,6.31677,6.319,1.08,1.40
2011.03.18 14:06:53.529,6.31668,6.31896,4.08,5.09
2011.03.18 14:06:55.188,6.31687,6.31896,1.08,5.32
2011.03.18 14:06:55.448,6.31693,6.319,5.43,1.24
2011.03.18 14:06:55.889,6.31694,6.319,5.43,1.48
2011.03.18 14:06:56.386,6.31678,6.319,1.08,1.35
2011.03.18 14:06:56.505,6.31697,6.319,1.08,1.49
2011.03.18 14:06:56.839,6.31699,6.319,1.23,1.27
2011.03.18 14:06:57.226,6.31699,6.319,1.23,1.44
2011.03.18 14:06:58.498,6.31699,6.319,1.23,1.46
2011.03.18 14:06:58.607,6.31699,6.319,1.23,1.12
2011.03.18 14:06:58.937,6.31698,6.319,1.08,1.38
2011.03.18 14:06:59.379,6.31718,6.31915,1.08,1.38
2011.03.18 14:06:59.685,6.31718,6.31915,1.08,1.12
2011.03.18 14:06:59.801,6.31718,6.31915,1.08,1.26
2011.03.18 14:07:00.249,6.31708,6.31915,1.68,1.46
2011.03.18 14:07:00.358,6.31708,6.31915,1.68,1.32
2011.03.18 14:07:00.886,6.31708,6.31915,1.68,1.36
2011.03.18 14:07:01.296,6.31727,6.31915,1.68,1.28
2011.03.18 14:07:02.450,6.31727,6.31915,1.68,1.17
2011.03.18 14:07:02.788,6.31739,6.3192,1.08,1.12
2011.03.18 14:07:03.229,6.31739,6.3192,1.08,1.12
2011.03.18 14:07:07.541,6.31747,6.31954,1.08,1.12
2011.03.18 14:07:07.658,6.31757,6.31954,1.50,1.12
2011.03.18 14:07:08.213,6.31735,6.31924,1.08,1.12
2011.03.18 14:07:09.099,6.31737,6.31924,1.08,1.12
2011.03.18 14:07:09.499,6.31737,6.31909,1.08,2.10
2011.03.18 14:07:09.831,6.31677,6.31852,1.23,3.75
2011.03.18 14:07:09.950,6.3168,6.31852,1.35,3.75
2011.03.18 14:07:10.180,6.31696,6.31878,1.53,1.12
2011.03.18 14:07:10.951,6.31712,6.31917,1.35,1.27
2011.03.18 14:07:11.287,6.31712,6.31917,1.50,1.27
2011.03.18 14:07:12.412,6.31697,6.31878,1.08,1.12
2011.03.18 14:07:12.529,6.31692,6.31878,1.38,1.12
2011.03.18 14:07:13.517,6.31697,6.31881,1.08,1.12
2011.03.18 14:07:13.736,6.31689,6.31881,1.38,1.12
2011.03.18 14:07:13.848,6.31689,6.31881,1.68,1.12
2011.03.18 14:07:14.454,6.31697,6.31883,1.08,1.12
2011.03.18 14:07:15.249,6.31692,6.31878,1.68,1.12
2011.03.18 14:07:15.469,6.31692,6.31878,1.38,1.12
2011.03.18 14:07:15.580,6.31685,6.31866,1.08,4.50
2011.03.18 14:07:15.923,6.31675,6.31834,1.95,1.12
2011.03.18 14:07:16.040,6.31671,6.31858,1.53,1.27
2011.03.18 14:07:16.159,6.31673,6.31867,1.68,1.12
2011.03.18 14:07:16.488,6.31678,6.31867,1.08,1.12
2011.03.18 14:07:16.817,6.31678,6.31867,1.08,1.12
2011.03.18 14:07:17.089,6.31677,6.31867,1.08,1.12
2011.03.18 14:07:18.256,6.31678,6.31867,1.08,1.12
2011.03.18 14:07:18.907,6.31673,6.31867,1.53,1.12
2011.03.18 14:07:19.018,6.31673,6.31867,1.38,1.12
2011.03.18 14:07:20.428,6.31662,6.31866,1.68,5.77
2011.03.18 14:07:20.536,6.31662,6.31866,1.35,5.77
2011.03.18 14:07:20.648,6.31655,6.31846,1.23,1.12
2011.03.18 14:07:20.867,6.31654,6.31846,1.23,1.12
2011.03.18 14:07:21.201,6.31731,6.31968,2.10,1.27
2011.03.18 14:07:21.785,6.31731,6.31969,2.10,1.27
2011.03.18 14:07:22.118,6.31758,6.31969,2.10,1.27
2011.03.18 14:07:28.348,6.31791,6.31981,1.65,1.12
2011.03.18 14:07:29.726,6.31791,6.31963,1.05,1.12
2011.03.18 14:07:30.222,6.31788,6.31983,1.05,1.27
2011.03.18 14:07:30.777,6.31787,6.31984,1.50,1.27
2011.03.18 14:07:34.047,6.31767,6.3196,1.08,1.12
2011.03.18 14:07:34.267,6.31758,6.31953,1.05,1.12
2011.03.18 14:07:34.597,6.31744,6.31947,1.20,1.27
2011.03.18 14:07:35.576,6.31744,6.31947,1.23,1.27
2011.03.18 14:07:36.130,6.31744,6.31947,1.53,1.27
2011.03.18 14:07:37.038,6.31744,6.31947,1.53,1.27
2011.03.18 14:07:40.066,6.31744,6.31947,1.23,1.27
2011.03.18 14:07:40.398,6.31814,6.31947,4.50,1.27
2011.03.18 14:07:40.511,6.3176,6.31959,2.10,1.27
2011.03.18 14:07:41.537,6.31824,6.31959,4.50,1.27
2011.03.18 14:07:41.648,6.31824,6.31959,4.83,1.27
2011.03.18 14:07:42.308,6.31824,6.31979,5.43,1.27
2011.03.18 14:07:44.467,6.31811,6.31988,2.43,1.27
2011.03.18 14:07:44.999,6.31883,6.31988,4.83,1.27
2011.03.18 14:07:45.110,6.31893,6.32149,1.83,1.51
2011.03.18 14:07:45.337,6.31917,6.32168,1.83,1.39
2011.03.18 14:07:45.447,6.31981,6.32168,2.10,1.39
2011.03.18 14:07:45.950,6.32001,6.32223,4.08,1.27
2011.03.18 14:07:46.847,6.32044,6.32211,4.83,1.27
2011.03.18 14:07:47.288,6.32044,6.32219,4.83,1.27
2011.03.18 14:07:47.857,6.32044,6.32219,4.83,1.27
2011.03.18 14:07:51.530,6.31978,6.32229,1.08,2.02
2011.03.18 14:07:51.858,6.31978,6.32229,1.08,2.02
2011.03.18 14:07:51.968,6.31978,6.32243,1.08,2.02
2011.03.18 14:07:52.078,6.32014,6.32243,4.83,1.50
2011.03.18 14:07:52.627,6.32014,6.32269,4.83,1.39
2011.03.18 14:07:53.176,6.31988,6.32259,4.23,2.05
2011.03.18 14:07:53.680,6.31988,6.32255,4.38,1.27
2011.03.18 14:07:55.259,6.32013,6.32282,4.83,1.47
2011.03.18 14:07:55.697,6.31998,6.32265,4.83,1.35
2011.03.18 14:07:56.892,6.31983,6.32248,1.23,2.02
2011.03.18 14:08:00.083,6.32032,6.32254,1.08,1.27
2011.03.18 14:08:01.498,6.32066,6.32255,1.08,2.02
2011.03.18 14:08:02.161,6.32066,6.32263,1.08,2.05
2011.03.18 14:08:02.280,6.32085,6.32263,1.08,1.50
2011.03.18 14:08:02.809,6.32085,6.32288,1.08,1.27
2011.03.18 14:08:03.476,6.32094,6.32297,1.08,1.27
2011.03.18 14:08:04.071,6.3212,6.32299,1.08,1.27
2011.03.18 14:08:04.188,6.3212,6.32306,1.08,5.05
2011.03.18 14:08:04.958,6.32121,6.32318,1.08,2.16
2011.03.18 14:08:05.709,6.32121,6.32298,1.08,1.50
2011.03.18 14:08:05.821,6.32121,6.32315,1.08,2.16
2011.03.18 14:08:06.820,6.32161,6.32333,1.08,1.72
2011.03.18 14:08:07.047,6.32161,6.32332,1.08,1.50
2011.03.18 14:08:07.157,6.32165,6.32356,1.08,2.15
2011.03.18 14:08:07.267,6.3219,6.32369,1.08,2.19
2011.03.18 14:08:07.377,6.3219,6.32369,1.08,2.02
2011.03.18 14:08:10.250,6.32178,6.32382,1.08,1.30
2011.03.18 14:08:10.849,6.32167,6.32381,1.08,1.30
2011.03.18 14:08:11.178,6.32168,6.32373,1.08,2.02
2011.03.18 14:08:11.618,6.32168,6.32357,1.08,5.02
2011.03.18 14:08:11.726,6.32152,6.32356,1.08,1.27
2011.03.18 14:08:12.060,6.32119,6.32323,1.08,1.27
2011.03.18 14:08:12.499,6.32119,6.32307,1.08,5.02
2011.03.18 14:08:12.717,6.32107,6.32307,1.08,5.05
2011.03.18 14:08:13.270,6.32108,6.32306,1.08,5.05
2011.03.18 14:08:13.704,6.32108,6.32266,1.08,5.25
2011.03.18 14:08:13.819,6.32062,6.32265,1.08,1.27
2011.03.18 14:08:15.219,6.3209,6.32271,1.08,1.30
2011.03.18 14:08:15.438,6.3209,6.32286,1.08,1.29
2011.03.18 14:08:15.658,6.3209,6.32275,1.08,2.02
2011.03.18 14:08:15.988,6.3209,6.32266,1.08,4.50
2011.03.18 14:08:16.099,6.3209,6.32271,1.08,1.27
2011.03.18 14:08:16.462,6.32083,6.32262,1.08,1.30
2011.03.18 14:08:16.604,6.32082,6.32283,1.08,2.02
2011.03.18 14:08:17.159,6.32096,6.3229,1.08,2.02
2011.03.18 14:08:18.350,6.32087,6.32282,1.08,2.02
2011.03.18 14:08:19.595,6.32084,6.32246,1.50,5.10
2011.03.18 14:08:19.821,6.32064,6.32262,5.10,1.62
2011.03.18 14:08:19.941,6.32089,6.32289,1.50,4.39
2011.03.18 14:08:20.167,6.32089,6.32292,1.50,1.05
2011.03.18 14:08:20.760,6.32089,6.32292,1.50,1.04
2011.03.18 14:08:20.876,6.32089,6.32254,1.50,1.50
2011.03.18 14:08:22.017,6.32085,6.32292,1.50,1.16
2011.03.18 14:08:22.128,6.32062,6.32276,1.50,5.19
2011.03.18 14:08:22.696,6.32062,6.3226,1.50,1.11
2011.03.18 14:08:23.028,6.32088,6.32296,1.35,1.21
2011.03.18 14:08:23.468,6.32088,6.32285,1.35,1.13
2011.03.18 14:08:23.997,6.32088,6.32285,1.35,1.15
2011.03.18 14:08:24.549,6.32088,6.32294,1.35,1.71
2011.03.18 14:08:24.661,6.32088,6.32294,1.35,3.25
2011.03.18 14:08:24.999,6.32088,6.32292,1.35,1.03
2011.03.18 14:08:25.110,6.32088,6.32294,1.35,1.73
2011.03.18 14:08:25.705,6.32088,6.32292,1.35,1.02
2011.03.18 14:08:26.150,6.32088,6.32293,1.35,1.02
2011.03.18 14:08:26.597,6.32088,6.32306,1.35,1.71
2011.03.18 14:08:27.148,6.32088,6.32303,1.35,1.06
2011.03.18 14:08:27.677,6.32088,6.32306,1.35,1.74
2011.03.18 14:08:27.897,6.32088,6.32306,1.35,1.74
2011.03.18 14:08:28.009,6.32088,6.32306,1.35,1.57
2011.03.18 14:08:28.339,6.32101,6.32306,1.08,1.69
2011.03.18 14:08:28.667,6.32108,6.32316,1.08,1.69
2011.03.18 14:08:30.666,6.32108,6.32316,1.08,1.61
2011.03.18 14:08:30.887,6.32108,6.32316,1.08,1.59
2011.03.18 14:08:31.108,6.32108,6.32316,1.08,1.72
2011.03.18 14:08:31.218,6.32112,6.32316,1.35,1.72
2011.03.18 14:08:31.546,6.32136,6.32323,1.35,1.27
2011.03.18 14:08:31.658,6.32136,6.32327,1.68,1.15
2011.03.18 14:08:32.097,6.32136,6.32327,1.68,1.15
2011.03.18 14:08:32.472,6.32131,6.32327,1.68,1.15
2011.03.18 14:08:33.468,6.3215,6.32335,2.10,1.37
2011.03.18 14:08:33.582,6.3215,6.32349,2.10,1.45
2011.03.18 14:08:33.806,6.3218,6.32376,1.08,1.41
2011.03.18 14:08:34.363,6.3214,6.32332,2.43,1.15
2011.03.18 14:08:34.479,6.3213,6.32332,1.68,1.15
2011.03.18 14:08:35.258,6.3213,6.32314,1.08,1.12
2011.03.18 14:08:38.488,6.32116,6.32314,1.68,1.12
2011.03.18 14:08:39.048,6.32125,6.32314,1.08,1.12
2011.03.18 14:08:39.379,6.32082,6.32303,2.33,1.35
2011.03.18 14:08:39.488,6.32082,6.32302,2.33,1.12
2011.03.18 14:08:39.963,6.32077,6.32302,1.08,1.45
2011.03.18 14:08:40.187,6.321,6.32302,1.08,1.53
2011.03.18 14:08:40.407,6.321,6.32302,1.08,1.47
2011.03.18 14:08:40.949,6.321,6.32302,1.08,1.43
2011.03.18 14:08:41.798,6.321,6.32263,1.08,2.14
2011.03.18 14:08:42.018,6.32052,6.32262,2.25,1.39
2011.03.18 14:08:42.128,6.32052,6.32239,2.25,1.32
2011.03.18 14:08:42.419,6.32046,6.32238,1.35,1.32
2011.03.18 14:08:42.553,6.32022,6.32235,1.50,1.32
2011.03.18 14:08:42.668,6.32045,6.32249,1.35,1.58
2011.03.18 14:08:42.998,6.32045,6.32249,1.35,1.60
2011.03.18 14:08:43.110,6.32033,6.32232,1.50,1.31
2011.03.18 14:08:43.232,6.32032,6.32237,2.25,1.32
2011.03.18 14:08:43.349,6.32017,6.32232,1.50,1.26
2011.03.18 14:08:43.459,6.32017,6.32232,1.50,1.27
2011.03.18 14:08:43.816,6.32017,6.32232,1.35,1.37
2011.03.18 14:08:44.410,6.32017,6.32223,1.35,1.64
2011.03.18 14:08:44.883,6.32001,6.32193,1.08,1.24
2011.03.18 14:08:44.997,6.32036,6.32242,1.35,1.56
2011.03.18 14:08:45.107,6.32048,6.32242,1.50,1.56
2011.03.18 14:08:45.469,6.32051,6.32218,2.10,1.23
2011.03.18 14:08:45.800,6.32037,6.32218,1.35,1.34
2011.03.18 14:08:46.288,6.32013,6.32159,1.50,2.10
2011.03.18 14:08:46.398,6.32011,6.32159,1.50,2.14
2011.03.18 14:08:46.617,6.32011,6.32159,1.50,2.28
2011.03.18 14:08:47.089,6.3198,6.32159,1.35,2.29
2011.03.18 14:08:47.333,6.31979,6.32159,2.85,2.21
2011.03.18 14:08:47.561,6.32018,6.32184,1.35,1.51
2011.03.18 14:08:47.680,6.32018,6.32186,1.35,2.14
2011.03.18 14:08:48.237,6.32018,6.32186,1.35,2.22
2011.03.18 14:08:48.354,6.32025,6.32197,2.10,1.24
2011.03.18 14:08:48.472,6.32025,6.32203,2.85,2.23
2011.03.18 14:08:48.699,6.32025,6.3219,1.35,2.24
2011.03.18 14:08:49.028,6.32016,6.32171,1.35,2.10
2011.03.18 14:08:49.800,6.31999,6.32171,2.10,2.19
2011.03.18 14:08:50.136,6.32035,6.32171,1.50,2.19
2011.03.18 14:08:50.467,6.32057,6.32171,1.50,2.19
2011.03.18 14:08:50.588,6.31999,6.32171,2.10,2.19
2011.03.18 14:08:51.299,6.31999,6.32171,2.10,2.21
2011.03.18 14:08:54.077,6.31999,6.32168,2.10,1.12
2011.03.18 14:08:59.419,6.31987,6.32159,1.35,2.10
2011.03.18 14:09:05.007,6.31964,6.32101,1.50,2.10
2011.03.18 14:09:05.229,6.31947,6.32087,1.50,5.10
2011.03.18 14:09:05.339,6.31927,6.3203,1.50,2.10
2011.03.18 14:09:05.450,6.31889,6.3203,1.50,2.10
2011.03.18 14:09:05.900,6.31889,6.32084,1.50,2.10
2011.03.18 14:09:06.293,6.31927,6.32084,1.50,2.10
2011.03.18 14:09:07.686,6.31927,6.32137,1.50,5.02
2011.03.18 14:09:08.017,6.31937,6.32164,1.83,1.27
2011.03.18 14:09:08.237,6.31923,6.32165,1.50,1.27
2011.03.18 14:09:08.457,6.31924,6.32148,1.50,1.27
2011.03.18 14:09:09.516,6.31947,6.32125,1.35,1.12
2011.03.18 14:09:18.288,6.31962,6.32134,2.10,1.12
2011.03.18 14:09:18.398,6.31967,6.32146,1.35,1.12
2011.03.18 14:09:18.508,6.31983,6.32155,1.35,2.10
2011.03.18 14:09:18.882,6.32011,6.32185,2.10,1.57
2011.03.18 14:09:19.119,6.32052,6.32222,2.10,1.05
2011.03.18 14:09:19.228,6.32052,6.32239,2.10,2.62
2011.03.18 14:09:19.338,6.32049,6.32224,1.35,2.10
2011.03.18 14:09:19.452,6.32052,6.32239,2.10,1.12
2011.03.18 14:09:19.902,6.3205,6.32217,1.35,2.10
2011.03.18 14:09:20.020,6.32047,6.32217,1.35,2.10
2011.03.18 14:09:20.689,6.32026,6.32182,1.08,2.10
2011.03.18 14:09:20.800,6.32026,6.32199,1.35,2.10
2011.03.18 14:09:21.299,6.32002,6.32181,1.35,1.12
2011.03.18 14:09:23.828,6.32007,6.3218,2.10,1.12
2011.03.18 14:09:40.750,6.31963,6.32156,1.05,5.02
2011.03.18 14:09:41.299,6.3193,6.32157,1.50,1.27
2011.03.18 14:09:43.379,6.31937,6.32136,2.25,5.02
2011.03.18 14:09:46.269,6.31917,6.32118,1.08,1.12
2011.03.18 14:09:46.386,6.31878,6.32075,1.35,1.12
2011.03.18 14:09:46.497,6.31883,6.32074,1.08,1.12
2011.03.18 14:09:48.478,6.31878,6.31994,1.35,3.75
2011.03.18 14:09:48.590,6.31835,6.31994,1.50,4.35
2011.03.18 14:09:48.709,6.31806,6.31994,1.50,4.35
2011.03.18 14:09:48.819,6.31782,6.31994,1.50,4.35
2011.03.18 14:09:48.928,6.31782,6.31981,1.50,2.10
2011.03.18 14:09:49.275,6.31753,6.31966,2.10,5.02
2011.03.18 14:09:49.498,6.31771,6.31964,1.68,4.27
2011.03.18 14:09:51.220,6.31771,6.3195,1.08,1.87
2011.03.18 14:09:51.614,6.31736,6.31945,1.08,1.12
2011.03.18 14:09:51.947,6.31725,6.31926,1.83,1.27
2011.03.18 14:09:52.167,6.31721,6.31926,1.08,5.77
2011.03.18 14:09:52.277,6.31721,6.31902,1.08,1.12
2011.03.18 14:09:52.609,6.31713,6.3189,1.83,1.12
2011.03.18 14:09:53.197,6.31715,6.3189,1.83,1.12
2011.03.18 14:09:53.306,6.31715,6.3189,1.83,1.12
2011.03.18 14:09:54.299,6.31712,6.3189,1.50,1.12
2011.03.18 14:09:55.107,6.31717,6.31906,1.08,1.27
2011.03.18 14:09:56.384,6.31717,6.31919,1.08,1.12
2011.03.18 14:09:58.291,6.31717,6.31921,1.68,1.27
2011.03.18 14:09:58.630,6.31763,6.3197,5.43,1.27
2011.03.18 14:09:58.958,6.31781,6.31971,1.35,1.12
2011.03.18 14:09:59.068,6.31782,6.31976,1.35,1.12
2011.03.18 14:09:59.179,6.31788,6.31976,1.35,1.12
2011.03.18 14:09:59.704,6.31793,6.31993,1.35,1.12
2011.03.18 14:10:00.258,6.31808,6.31993,1.35,1.12
2011.03.18 14:10:03.982,6.31787,6.31967,2.58,1.12
2011.03.18 14:10:08.818,6.31772,6.31966,1.68,1.12
2011.03.18 14:10:09.149,6.31747,6.31931,1.08,1.12
2011.03.18 14:10:09.480,6.3174,6.31932,1.08,1.12
2011.03.18 14:10:10.782,6.3174,6.31944,1.68,1.27
2011.03.18 14:10:10.898,6.31747,6.31958,1.08,1.27
2011.03.18 14:10:11.558,6.31738,6.31926,1.08,1.12
2011.03.18 14:10:11.669,6.31728,6.31926,2.25,1.12
2011.03.18 14:10:11.987,6.31728,6.31926,1.50,1.12
2011.03.18 14:10:12.102,6.31728,6.31926,1.50,1.12
2011.03.18 14:10:12.219,6.31717,6.31926,1.50,1.12
2011.03.18 14:10:13.778,6.31702,6.31916,2.25,5.02
2011.03.18 14:10:13.998,6.31702,6.31913,2.25,1.27
2011.03.18 14:10:14.218,6.31698,6.31916,1.08,5.02
2011.03.18 14:10:14.327,6.31691,6.31898,1.50,1.12
2011.03.18 14:10:14.437,6.31663,6.31871,1.05,1.12
2011.03.18 14:10:15.270,6.31725,6.31885,2.10,1.12
2011.03.18 14:10:15.489,6.31705,6.31885,2.10,2.10
2011.03.18 14:10:16.176,6.31703,6.3181,1.35,3.75
2011.03.18 14:10:16.288,6.31695,6.3181,2.25,3.75
2011.03.18 14:10:16.400,6.31671,6.3181,1.35,3.75
2011.03.18 14:10:16.519,6.3167,6.31793,1.50,3.75
2011.03.18 14:10:16.863,6.31648,6.3181,2.25,3.75
2011.03.18 14:10:16.986,6.31649,6.3181,1.35,3.75
2011.03.18 14:10:17.317,6.31668,6.3179,1.08,3.75
2011.03.18 14:10:17.648,6.31668,6.3179,1.08,3.75
2011.03.18 14:10:18.338,6.31668,6.31897,1.08,1.12
2011.03.18 14:10:20.028,6.31676,6.3188,1.50,1.12
2011.03.18 14:10:20.140,6.31686,6.31905,1.35,1.27
2011.03.18 14:10:23.342,6.31686,6.31912,1.50,1.27
2011.03.18 14:10:27.992,6.31686,6.31912,1.50,1.27
2011.03.18 14:10:28.333,6.31717,6.3192,1.35,1.27
2011.03.18 14:10:28.451,6.31724,6.31941,1.35,1.69
2011.03.18 14:10:28.790,6.31753,6.31945,5.25,1.12
2011.03.18 14:10:29.120,6.31764,6.31978,1.50,2.02
2011.03.18 14:10:29.947,6.31805,6.31985,1.50,1.12
2011.03.18 14:10:30.280,6.31927,6.322,2.10,1.27
2011.03.18 14:10:30.398,6.31927,6.3221,2.10,1.27
2011.03.18 14:10:30.619,6.31927,6.32216,2.10,2.77
2011.03.18 14:10:30.732,6.31966,6.32216,2.10,1.27
2011.03.18 14:10:30.850,6.31966,6.32225,2.10,2.02
2011.03.18 14:10:31.252,6.31966,6.3225,2.10,2.02
2011.03.18 14:10:31.697,6.31986,6.32226,2.10,1.69
2011.03.18 14:10:32.248,6.31986,6.32166,2.10,4.50
2011.03.18 14:10:32.359,6.31965,6.32166,1.50,5.10
2011.03.18 14:10:32.467,6.31972,6.32166,1.50,5.10
2011.03.18 14:10:32.578,6.31972,6.32228,2.43,1.27
2011.03.18 14:10:32.687,6.31972,6.32228,2.10,1.69
2011.03.18 14:10:34.479,6.31966,6.32163,2.10,1.50
2011.03.18 14:10:34.601,6.31966,6.32228,2.10,1.69
2011.03.18 14:10:36.559,6.31966,6.32207,2.10,1.69
2011.03.18 14:10:39.077,6.31948,6.32207,2.10,2.29
2011.03.18 14:10:39.492,6.3194,6.32193,2.10,1.27
2011.03.18 14:10:42.090,6.31941,6.32193,2.10,1.27
2011.03.18 14:10:42.538,6.31964,6.32184,4.50,1.27
2011.03.18 14:10:42.758,6.31964,6.32202,4.50,1.69
2011.03.18 14:10:43.088,6.31951,6.32202,3.60,1.69
2011.03.18 14:10:44.528,6.31951,6.32194,2.10,1.27
2011.03.18 14:10:45.366,6.31989,6.32194,1.35,1.27
2011.03.18 14:11:01.860,6.31953,6.32157,1.71,1.27
2011.03.18 14:11:02.406,6.31952,6.32157,1.26,1.27
2011.03.18 14:11:02.538,6.31946,6.32157,1.43,1.27
2011.03.18 14:11:06.960,6.3191,6.32137,1.83,1.27
2011.03.18 14:11:10.619,6.31932,6.32137,1.03,1.27
2011.03.18 14:11:10.838,6.31922,6.32149,1.14,1.12
2011.03.18 14:11:11.167,6.31932,6.32149,1.73,1.12
2011.03.18 14:11:11.977,6.31939,6.32149,1.16,1.12
2011.03.18 14:11:12.310,6.31967,6.32184,1.50,2.44
2011.03.18 14:11:12.428,6.31975,6.32184,1.50,2.44
2011.03.18 14:11:12.539,6.31975,6.32201,1.58,2.02
2011.03.18 14:11:14.538,6.31956,6.32183,1.68,1.27
2011.03.18 14:11:16.694,6.3197,6.32196,1.11,1.27
2011.03.18 14:11:17.031,6.3197,6.32186,1.11,1.27
2011.03.18 14:11:17.151,6.31968,6.32186,1.05,1.27
2011.03.18 14:11:20.726,6.31972,6.32199,1.50,2.77
2011.03.18 14:11:22.358,6.31962,6.32175,1.05,1.27
2011.03.18 14:11:22.577,6.31954,6.32174,1.43,1.27
2011.03.18 14:11:24.767,6.31958,6.3215,1.35,1.12
2011.03.18 14:11:28.131,6.31958,6.32145,1.35,1.12
2011.03.18 14:11:29.597,6.31958,6.3215,1.35,1.12
2011.03.18 14:11:30.920,6.31958,6.32165,1.35,1.12
2011.03.18 14:11:31.030,6.31984,6.32167,1.35,1.12
2011.03.18 14:11:31.140,6.31984,6.32175,1.35,1.12
2011.03.18 14:11:31.663,6.31994,6.32174,1.50,1.12
2011.03.18 14:11:38.799,6.31998,6.32174,1.05,1.12
2011.03.18 14:11:39.018,6.31994,6.32174,1.50,1.12
2011.03.18 14:11:39.471,6.31998,6.32174,1.05,1.12
2011.03.18 14:11:39.591,6.31994,6.32174,1.50,1.12
2011.03.18 14:11:40.369,6.31974,6.32144,1.62,2.10
2011.03.18 14:11:40.482,6.31963,6.32142,1.80,1.12
2011.03.18 14:11:40.600,6.31945,6.32142,1.47,1.12
2011.03.18 14:11:41.258,6.31945,6.32129,1.47,1.12
2011.03.18 14:11:41.370,6.3194,6.32121,1.14,2.10
2011.03.18 14:11:41.920,6.31948,6.32129,1.35,1.12
2011.03.18 14:11:43.608,6.31952,6.32139,1.05,1.12
2011.03.18 14:11:43.940,6.31948,6.32127,1.35,5.10
2011.03.18 14:11:44.059,6.31933,6.32117,1.05,2.10
2011.03.18 14:11:44.168,6.31929,6.3211,1.05,1.12
2011.03.18 14:11:44.548,6.31929,6.3211,1.35,1.12
2011.03.18 14:11:46.281,6.31913,6.32102,1.35,1.12
2011.03.18 14:11:48.479,6.31897,6.32089,1.77,2.10
2011.03.18 14:11:48.588,6.31897,6.32089,1.02,2.10
2011.03.18 14:11:49.031,6.31909,6.32091,1.35,1.12
2011.03.18 14:11:49.477,6.31918,6.32104,1.35,1.12
2011.03.18 14:11:53.848,6.31911,6.32092,1.05,1.12
2011.03.18 14:11:53.958,6.31892,6.32092,1.05,1.12
2011.03.18 14:11:54.177,6.31911,6.32101,1.35,1.12
2011.03.18 14:11:54.288,6.31918,6.32106,1.35,1.12
2011.03.18 14:11:55.157,6.31923,6.32106,1.05,1.12
2011.03.18 14:11:55.487,6.31918,6.32116,1.50,1.12
2011.03.18 14:11:58.257,6.31933,6.32116,1.05,1.12
2011.03.18 14:11:59.036,6.31935,6.32116,1.20,1.12
2011.03.18 14:12:00.506,6.31944,6.32125,1.50,1.12
2011.03.18 14:12:00.617,6.31945,6.32125,1.35,1.12
2011.03.18 14:12:00.727,6.31945,6.32125,1.05,1.12
2011.03.18 14:12:01.847,6.31944,6.32125,1.50,1.12
2011.03.18 14:12:02.816,6.31944,6.32125,1.35,1.12
2011.03.18 14:12:04.088,6.31944,6.32125,1.50,1.12
2011.03.18 14:12:04.198,6.31944,6.32125,1.35,1.12
2011.03.18 14:12:04.719,6.31923,6.32117,1.05,2.10
2011.03.18 14:12:04.829,6.31921,6.3211,1.50,1.12
2011.03.18 14:12:05.157,6.31913,6.32111,1.35,1.12
2011.03.18 14:12:06.177,6.31913,6.32098,1.35,1.12
2011.03.18 14:12:08.751,6.31922,6.32118,1.65,1.12
2011.03.18 14:12:09.089,6.31941,6.32123,1.35,1.12
2011.03.18 14:12:09.530,6.31922,6.32104,1.05,1.12
2011.03.18 14:12:09.871,6.31909,6.32104,1.35,1.12
2011.03.18 14:12:11.386,6.31925,6.32104,1.20,1.12
2011.03.18 14:12:11.612,6.31912,6.32091,1.09,1.12
2011.03.18 14:12:11.730,6.31912,6.32091,1.09,1.12
2011.03.18 14:12:11.960,6.31919,6.32109,1.35,1.12
2011.03.18 14:12:12.618,6.31933,6.32118,1.05,1.12
2011.03.18 14:12:12.948,6.31939,6.32118,1.05,1.12
2011.03.18 14:12:14.730,6.32005,6.32118,1.50,1.12
2011.03.18 14:12:14.948,6.32033,6.32228,2.10,1.12
2011.03.18 14:12:15.058,6.32038,6.32237,1.35,1.12
2011.03.18 14:12:19.848,6.32057,6.32228,2.10,1.12
2011.03.18 14:12:20.738,6.32058,6.32237,1.80,1.12
2011.03.18 14:12:20.959,6.3208,6.32259,1.35,1.12
2011.03.18 14:12:22.901,6.32055,6.32251,1.50,2.10
2011.03.18 14:12:23.019,6.32054,6.32251,1.35,2.62
2011.03.18 14:12:23.126,6.32054,6.3225,1.35,1.12
2011.03.18 14:12:24.508,6.32061,6.3225,1.35,1.12
2011.03.18 14:12:25.258,6.32038,6.32189,1.08,2.10
2011.03.18 14:12:25.367,6.32013,6.32189,1.35,2.10
2011.03.18 14:12:28.957,6.32013,6.32189,1.35,2.10
2011.03.18 14:12:30.268,6.32015,6.32224,1.35,2.02
2011.03.18 14:12:30.379,6.32028,6.32238,1.50,2.02
2011.03.18 14:12:32.929,6.32039,6.32266,1.50,1.27
2011.03.18 14:12:35.330,6.32021,6.32248,1.50,1.27
2011.03.18 14:12:37.499,6.32044,6.32225,1.35,1.12
2011.03.18 14:12:38.899,6.32044,6.32225,1.50,1.12
2011.03.18 14:12:39.411,6.32044,6.32225,1.35,1.12
2011.03.18 14:12:39.747,6.32044,6.32225,1.50,1.12
2011.03.18 14:12:40.488,6.32046,6.3224,1.50,1.12
2011.03.18 14:12:40.816,6.32061,6.3224,1.35,1.12
2011.03.18 14:12:41.879,6.32046,6.3224,1.35,1.12
2011.03.18 14:12:41.988,6.32112,6.3224,1.50,1.12
2011.03.18 14:12:42.099,6.32164,6.32375,6.93,3.75
2011.03.18 14:12:42.208,6.32164,6.32403,6.60,1.12
2011.03.18 14:12:42.860,6.32164,6.32403,6.60,1.12
2011.03.18 14:12:42.969,6.32164,6.32403,6.60,1.12
2011.03.18 14:12:46.478,6.32164,6.32383,2.10,1.57
2011.03.18 14:12:46.808,6.32164,6.32383,2.10,1.27
2011.03.18 14:12:50.589,6.32164,6.32383,2.10,1.12
2011.03.18 14:12:50.699,6.32175,6.3239,1.35,1.12
2011.03.18 14:12:51.469,6.32203,6.32413,5.10,1.12
2011.03.18 14:12:52.347,6.32203,6.32422,5.10,1.12
2011.03.18 14:12:52.787,6.32237,6.32446,2.10,1.27
2011.03.18 14:12:52.899,6.32226,6.32422,1.35,1.12
2011.03.18 14:12:53.008,6.32211,6.32422,2.10,1.12
2011.03.18 14:12:54.018,6.32199,6.32407,2.10,5.10
2011.03.18 14:12:54.240,6.32185,6.32407,2.43,5.62
2011.03.18 14:12:55.328,6.32195,6.32407,2.10,1.12
2011.03.18 14:12:56.571,6.32195,6.32407,2.10,1.12
2011.03.18 14:12:56.798,6.3218,6.32406,2.10,5.02
2011.03.18 14:12:57.238,6.32204,6.32406,1.35,5.77
2011.03.18 14:12:58.010,6.32208,6.32406,1.35,1.27
2011.03.18 14:12:58.227,6.32208,6.32414,1.35,1.12
2011.03.18 14:12:59.327,6.32208,6.32407,1.35,1.12
2011.03.18 14:13:03.717,6.32208,6.32407,1.35,1.42
2011.03.18 14:13:04.267,6.32206,6.32407,1.35,5.92
2011.03.18 14:13:07.819,6.32206,6.32398,1.35,1.12
2011.03.18 14:13:07.930,6.3218,6.32377,1.35,1.12
2011.03.18 14:13:14.760,6.32164,6.32368,1.50,1.42
2011.03.18 14:13:15.256,6.32157,6.32347,1.35,1.27
2011.03.18 14:13:15.478,6.32142,6.32314,1.50,2.10
2011.03.18 14:13:16.209,6.32138,6.32296,1.08,5.10
2011.03.18 14:13:31.509,6.3213,6.32278,1.50,2.10
2011.03.18 14:13:31.619,6.3213,6.32278,1.50,2.10
2011.03.18 14:13:31.730,6.32129,6.32278,1.50,2.10
2011.03.18 14:13:32.866,6.32098,6.32247,1.08,6.60
2011.03.18 14:13:33.088,6.32077,6.32247,1.50,6.60
2011.03.18 14:13:33.937,6.32078,6.32247,1.50,6.60
2011.03.18 14:13:35.581,6.32078,6.32247,1.50,2.10
2011.03.18 14:13:44.590,6.32096,6.32247,1.50,2.10
2011.03.18 14:13:44.809,6.32084,6.32246,1.50,5.10
2011.03.18 14:13:45.358,6.32084,6.32246,1.50,5.10
2011.03.18 14:13:45.579,6.3207,6.32226,1.50,2.10
2011.03.18 14:13:45.690,6.32061,6.32226,1.50,2.10
2011.03.18 14:13:46.242,6.32061,6.32226,1.50,2.10
2011.03.18 14:13:51.359,6.32061,6.32242,1.50,2.10
2011.03.18 14:13:52.848,6.32061,6.32242,1.50,2.10
2011.03.18 14:13:53.288,6.32068,6.32242,1.50,2.10
2011.03.18 14:13:56.844,6.32068,6.32273,1.50,1.12
2011.03.18 14:13:56.958,6.32092,6.32274,1.35,1.12
2011.03.18 14:13:57.069,6.32097,6.32278,1.50,2.10
2011.03.18 14:13:57.398,6.32119,6.32297,1.50,5.10
2011.03.18 14:13:57.728,6.32132,6.32297,1.50,5.10
2011.03.18 14:13:57.951,6.32132,6.32297,1.50,5.10
2011.03.18 14:14:14.827,6.32105,6.32274,1.50,2.10
2011.03.18 14:14:14.942,6.32105,6.32274,1.50,2.10
2011.03.18 14:14:15.280,6.32105,6.32274,1.50,2.10
2011.03.18 14:14:18.069,6.32102,6.32274,1.50,2.10
2011.03.18 14:14:19.248,6.32102,6.32246,1.50,4.50
2011.03.18 14:14:19.578,6.32083,6.32246,1.50,5.10
2011.03.18 14:14:27.479,6.32083,6.32286,1.50,1.12
2011.03.18 14:14:27.699,6.32009,6.32224,1.08,2.10
2011.03.18 14:14:27.810,6.31993,6.32224,1.05,2.10
2011.03.18 14:14:27.918,6.31985,6.32215,1.20,2.10
2011.03.18 14:14:28.030,6.31982,6.32177,1.05,4.50
2011.03.18 14:14:30.088,6.31965,6.32177,1.53,5.10
2011.03.18 14:14:30.968,6.31974,6.32219,1.05,5.85
2011.03.18 14:14:31.188,6.31974,6.32219,1.35,2.10
2011.03.18 14:14:31.520,6.31983,6.32219,1.05,2.10
2011.03.18 14:14:31.738,6.31983,6.32219,1.05,2.10
2011.03.18 14:14:32.928,6.31983,6.32177,1.05,4.50
2011.03.18 14:14:33.258,6.31983,6.32219,1.05,2.10
2011.03.18 14:14:33.899,6.31976,6.32177,1.20,4.50
2011.03.18 14:14:41.007,6.31976,6.32204,1.20,1.12
2011.03.18 14:14:42.777,6.31983,6.32187,1.05,1.12
2011.03.18 14:14:45.030,6.31974,6.32176,1.05,5.02
2011.03.18 14:14:45.357,6.31969,6.32173,1.65,1.27
2011.03.18 14:14:47.092,6.32025,6.32173,2.10,1.27
2011.03.18 14:14:47.541,6.32006,6.32174,2.25,2.10
2011.03.18 14:14:47.659,6.31978,6.32149,1.08,1.12
2011.03.18 14:14:47.768,6.3197,6.32149,1.08,1.12
2011.03.18 14:14:48.097,6.3197,6.32149,1.08,1.12
2011.03.18 14:14:48.318,6.3197,6.32149,1.05,1.12
2011.03.18 14:14:49.318,6.3197,6.32138,1.05,1.20
2011.03.18 14:14:49.847,6.3197,6.32137,1.05,1.20
2011.03.18 14:14:50.068,6.31962,6.32138,1.05,1.16
2011.03.18 14:14:50.599,6.31959,6.32141,1.35,1.30
2011.03.18 14:14:50.820,6.32032,6.32106,3.75,1.27
2011.03.18 14:14:50.927,6.32032,6.32141,3.75,1.12
2011.03.18 14:14:51.149,6.32032,6.32131,4.08,1.12
2011.03.18 14:14:51.261,6.32032,6.32156,4.35,1.27
2011.03.18 14:14:51.379,6.32069,6.32233,3.75,1.13
2011.03.18 14:14:51.488,6.32073,6.32234,2.43,1.45
2011.03.18 14:14:51.602,6.32099,6.32283,1.68,1.08
2011.03.18 14:14:51.718,6.32099,6.32283,1.35,1.11
2011.03.18 14:14:52.049,6.32099,6.32175,1.35,1.50
2011.03.18 14:14:52.158,6.32099,6.32303,1.35,1.11
2011.03.18 14:14:52.706,6.32099,6.32303,1.35,1.11
2011.03.18 14:14:53.917,6.32099,6.32289,1.35,1.23
2011.03.18 14:14:54.467,6.32099,6.32289,1.35,1.54
2011.03.18 14:14:55.935,6.32099,6.32289,1.35,1.23
2011.03.18 14:14:56.267,6.32106,6.32283,2.10,1.21
2011.03.18 14:14:56.489,6.32109,6.32288,1.35,1.45
2011.03.18 14:14:58.032,6.32109,6.32288,1.35,1.40
2011.03.18 14:14:58.387,6.32109,6.32288,1.35,1.27
2011.03.18 14:15:00.421,6.32109,6.32283,1.35,1.51
2011.03.18 14:15:00.759,6.32074,6.32141,1.08,2.10
2011.03.18 14:15:01.089,6.3191,6.32141,1.50,2.10
2011.03.18 14:15:03.737,6.31952,6.3211,1.35,1.11
2011.03.18 14:15:03.848,6.31953,6.3211,1.50,1.11
2011.03.18 14:15:04.179,6.31959,6.32132,1.50,2.26
2011.03.18 14:15:04.507,6.31977,6.32132,1.50,2.14
2011.03.18 14:15:06.536,6.31977,6.32155,1.50,2.33
2011.03.18 14:15:06.762,6.31993,6.32155,1.50,2.30
2011.03.18 14:15:07.171,6.31993,6.32155,1.50,2.14
2011.03.18 14:15:07.292,6.31993,6.32189,1.50,2.46
2011.03.18 14:15:07.409,6.32003,6.32189,1.50,2.46
2011.03.18 14:15:07.520,6.32003,6.32189,1.50,2.35
2011.03.18 14:15:07.752,6.32003,6.32233,1.50,2.45
2011.03.18 14:15:07.869,6.31979,6.32206,2.25,5.42
2011.03.18 14:15:07.981,6.31988,6.32206,1.08,5.40
2011.03.18 14:15:08.098,6.31986,6.32206,1.08,5.43
2011.03.18 14:15:08.769,6.31986,6.32206,1.53,5.40
2011.03.18 14:15:09.099,6.32008,6.32233,1.08,2.39
2011.03.18 14:15:09.958,6.32094,6.32252,2.10,2.38
2011.03.18 14:15:10.180,6.32095,6.3226,3.75,1.15
2011.03.18 14:15:10.403,6.32066,6.32241,4.08,1.38
2011.03.18 14:15:10.828,6.32094,6.32241,2.10,1.27
2011.03.18 14:15:10.947,6.32095,6.32274,4.35,1.36
2011.03.18 14:15:12.226,6.32114,6.32274,2.10,1.30
2011.03.18 14:15:12.961,6.32114,6.32274,2.10,1.25
2011.03.18 14:15:13.499,6.32084,6.32267,2.43,1.24
2011.03.18 14:15:13.827,6.32084,6.32252,2.43,1.15
2011.03.18 14:15:14.489,6.32111,6.32269,2.10,1.38
2011.03.18 14:15:15.033,6.32111,6.32271,2.10,1.15
2011.03.18 14:15:15.768,6.32083,6.32263,2.43,1.12
2011.03.18 14:15:15.989,6.32083,6.32253,2.10,1.12
2011.03.18 14:15:16.207,6.32111,6.32277,2.10,1.12
2011.03.18 14:15:16.428,6.32111,6.32277,2.10,1.15
2011.03.18 14:15:16.760,6.32099,6.32255,2.10,1.15
2011.03.18 14:15:17.307,6.32099,6.32254,2.10,1.15
2011.03.18 14:15:20.150,6.32076,6.32244,2.43,2.10
2011.03.18 14:15:20.258,6.32076,6.32228,2.43,1.42
2011.03.18 14:15:20.367,6.32076,6.32228,2.10,1.42
2011.03.18 14:15:20.478,6.32076,6.32228,2.10,1.12
2011.03.18 14:15:20.917,6.32076,6.32228,2.10,1.12
2011.03.18 14:15:22.698,6.32046,6.32229,2.43,1.12
2011.03.18 14:15:23.870,6.32046,6.32227,2.43,1.12
2011.03.18 14:15:26.238,6.32036,6.32211,1.08,1.35
2011.03.18 14:15:26.347,6.32036,6.32186,1.08,4.50
2011.03.18 14:15:26.679,6.32037,6.32204,1.08,1.18
2011.03.18 14:15:26.899,6.31984,6.32177,1.08,5.09
2011.03.18 14:15:27.118,6.31984,6.32164,1.08,4.34
2011.03.18 14:15:27.448,6.31864,6.32111,1.50,1.27
2011.03.18 14:15:27.557,6.31864,6.32093,1.50,1.09
2011.03.18 14:15:27.999,6.31864,6.32063,1.50,1.43
2011.03.18 14:15:28.108,6.31823,6.31996,1.08,4.50
2011.03.18 14:15:28.218,6.31825,6.31996,1.83,4.50
2011.03.18 14:15:28.328,6.31823,6.32022,1.08,1.19
2011.03.18 14:15:28.438,6.31809,6.32022,1.35,1.49
2011.03.18 14:15:28.547,6.31825,6.32006,1.35,1.19
2011.03.18 14:15:28.659,6.31825,6.32006,1.35,1.51
2011.03.18 14:15:29.275,6.31825,6.3203,1.08,1.73
2011.03.18 14:15:29.500,6.31808,6.3203,2.85,1.34
2011.03.18 14:15:29.719,6.31808,6.3203,2.85,1.63
2011.03.18 14:15:29.830,6.31808,6.3203,2.85,1.72
2011.03.18 14:15:29.938,6.31825,6.3203,1.08,1.57
2011.03.18 14:15:30.269,6.3183,6.3203,1.50,1.34
2011.03.18 14:15:30.379,6.3183,6.3203,1.50,1.68
2011.03.18 14:15:30.489,6.31811,6.3203,2.25,1.68
2011.03.18 14:15:30.820,6.31821,6.3204,2.25,2.31
2011.03.18 14:15:31.147,6.31837,6.3204,1.08,2.03
2011.03.18 14:15:31.256,6.31826,6.3204,2.25,2.03
2011.03.18 14:15:31.367,6.31826,6.3204,2.25,2.36
2011.03.18 14:15:32.015,6.31826,6.3204,2.25,2.34
2011.03.18 14:15:32.459,6.31826,6.3204,2.25,2.07
2011.03.18 14:15:32.568,6.31829,6.3204,2.25,2.07
2011.03.18 14:15:32.898,6.31838,6.3204,1.50,1.19
2011.03.18 14:15:33.228,6.31837,6.3204,1.08,1.58
2011.03.18 14:15:33.883,6.31839,6.3204,1.50,1.19
2011.03.18 14:15:34.005,6.31837,6.32036,1.08,5.27
2011.03.18 14:15:34.340,6.31837,6.3204,1.08,1.53
2011.03.18 14:15:34.668,6.31837,6.32037,2.25,5.26
2011.03.18 14:15:35.019,6.31837,6.3204,1.08,1.45
2011.03.18 14:15:36.890,6.31813,6.32027,2.25,5.37
2011.03.18 14:15:38.295,6.31813,6.32027,2.25,5.42
2011.03.18 14:15:42.308,6.31837,6.32029,1.35,1.04
2011.03.18 14:15:42.529,6.31837,6.32041,1.68,1.42
2011.03.18 14:15:42.642,6.31858,6.32066,1.35,5.98
2011.03.18 14:15:43.468,6.31858,6.3206,1.35,1.07
2011.03.18 14:15:43.797,6.31858,6.32066,1.35,5.99
2011.03.18 14:15:46.999,6.31858,6.32048,1.35,1.02
2011.03.18 14:15:47.572,6.31858,6.32048,1.35,1.02
2011.03.18 14:15:47.869,6.31858,6.32066,1.35,6.07
2011.03.18 14:15:50.209,6.31858,6.32066,1.35,1.46
2011.03.18 14:15:50.549,6.31858,6.32067,1.35,1.50
2011.03.18 14:15:50.880,6.31889,6.32096,1.35,1.51
2011.03.18 14:15:51.099,6.31889,6.32091,1.35,1.13
2011.03.18 14:15:53.009,6.31889,6.32096,1.35,1.60
2011.03.18 14:15:53.278,6.31889,6.32079,1.35,1.12
2011.03.18 14:15:53.500,6.31889,6.32076,1.35,1.12
2011.03.18 14:15:54.058,6.31889,6.32087,1.35,1.06
2011.03.18 14:15:54.769,6.31889,6.32078,1.35,1.05
2011.03.18 14:15:55.356,6.31889,6.32077,1.35,1.07
2011.03.18 14:15:55.691,6.31889,6.32093,1.35,1.60
2011.03.18 14:15:56.638,6.31889,6.32078,1.35,1.06
2011.03.18 14:15:57.667,6.31889,6.32079,1.35,1.13
2011.03.18 14:16:00.168,6.31849,6.32066,2.25,1.07
2011.03.18 14:16:00.277,6.31849,6.32053,2.25,1.31
2011.03.18 14:16:01.088,6.31844,6.32053,1.35,1.30
2011.03.18 14:16:01.215,6.31844,6.32053,1.35,1.47
2011.03.18 14:16:05.691,6.31844,6.32053,1.35,1.43
2011.03.18 14:16:05.909,6.31844,6.32053,1.35,1.69
2011.03.18 14:16:06.129,6.31844,6.32053,1.35,1.58
2011.03.18 14:16:07.409,6.31844,6.32048,1.35,1.63
2011.03.18 14:16:07.520,6.31844,6.32048,1.35,1.63
2011.03.18 14:16:07.967,6.31844,6.32053,1.35,1.53
2011.03.18 14:16:09.687,6.31844,6.32053,1.35,1.47
2011.03.18 14:16:10.454,6.31844,6.32053,1.35,1.41
2011.03.18 14:16:14.529,6.31844,6.32053,1.35,1.37
2011.03.18 14:16:17.039,6.31844,6.32053,1.35,1.51
2011.03.18 14:16:18.912,6.31847,6.32042,2.25,1.23
2011.03.18 14:16:19.139,6.31844,6.32039,1.35,1.20
2011.03.18 14:16:19.687,6.31844,6.32038,1.35,1.16
2011.03.18 14:16:20.018,6.31844,6.32053,1.35,1.60
2011.03.18 14:16:20.668,6.31844,6.32043,1.35,1.18
2011.03.18 14:16:20.997,6.31844,6.3204,1.35,1.03
2011.03.18 14:16:21.330,6.31838,6.32016,1.08,5.25
2011.03.18 14:16:21.439,6.3183,6.32011,1.08,1.27
2011.03.18 14:16:21.550,6.3183,6.32005,1.08,1.16
2011.03.18 14:16:22.099,6.31794,6.31998,1.08,1.62
2011.03.18 14:16:22.647,6.31806,6.3199,1.08,1.14
2011.03.18 14:16:23.228,6.31806,6.31993,1.08,1.59
2011.03.18 14:16:24.029,6.31801,6.3198,1.08,1.02
2011.03.18 14:16:24.888,6.3178,6.31987,1.83,5.47
2011.03.18 14:16:24.999,6.31777,6.31981,1.08,1.72
2011.03.18 14:16:25.108,6.31777,6.31962,1.08,1.10
2011.03.18 14:16:25.699,6.31777,6.31961,1.08,1.10
2011.03.18 14:16:26.377,6.31777,6.3196,1.08,1.06
2011.03.18 14:16:26.708,6.31777,6.31972,1.08,1.09
2011.03.18 14:16:26.819,6.31764,6.31972,1.83,1.09
2011.03.18 14:16:28.140,6.31736,6.31949,1.50,1.12
2011.03.18 14:16:28.249,6.31729,6.31949,1.35,1.12
2011.03.18 14:16:28.776,6.31728,6.31913,1.08,1.05
2011.03.18 14:16:28.888,6.31709,6.31909,1.35,1.01
2011.03.18 14:16:29.438,6.31709,6.31912,1.35,1.57
2011.03.18 14:16:31.249,6.31709,6.31912,1.35,1.45
2011.03.18 14:16:31.578,6.31709,6.31912,1.35,1.45
2011.03.18 14:16:32.358,6.31709,6.31897,1.35,5.17
2011.03.18 14:16:32.467,6.31693,6.31896,1.50,1.27
2011.03.18 14:16:32.798,6.31669,6.31855,2.10,2.10
2011.03.18 14:16:33.018,6.31669,6.31838,1.35,1.05
2011.03.18 14:16:35.048,6.31658,6.31825,1.08,2.10
2011.03.18 14:16:35.268,6.31642,6.31825,1.35,2.67
2011.03.18 14:16:35.819,6.31646,6.31825,1.35,1.11
2011.03.18 14:16:36.370,6.3166,6.31826,1.35,1.19
2011.03.18 14:16:36.588,6.3166,6.31838,1.35,1.19
2011.03.18 14:16:37.791,6.3165,6.31828,1.50,2.67
2011.03.18 14:16:37.909,6.31638,6.31828,1.35,2.67
2011.03.18 14:16:41.750,6.31631,6.31804,1.35,1.08
2011.03.18 14:16:42.189,6.31638,6.31804,1.35,1.05
2011.03.18 14:16:43.248,6.31638,6.31808,1.35,1.25
2011.03.18 14:16:43.595,6.31638,6.31808,1.35,1.10
2011.03.18 14:16:43.929,6.31621,6.31817,1.50,2.76
2011.03.18 14:16:44.040,6.31618,6.31811,1.08,1.46
2011.03.18 14:16:44.262,6.31618,6.31797,1.08,1.02
2011.03.18 14:16:44.817,6.31618,6.31797,1.08,1.19
2011.03.18 14:16:46.329,6.31623,6.31807,1.35,1.36
2011.03.18 14:16:46.439,6.31623,6.31811,1.35,1.48
2011.03.18 14:16:46.549,6.31621,6.31814,1.35,1.48
2011.03.18 14:16:47.848,6.31621,6.31806,1.35,1.27
2011.03.18 14:16:48.588,6.31621,6.31797,1.35,1.13
2011.03.18 14:16:49.181,6.31621,6.31798,1.35,1.04
2011.03.18 14:16:51.369,6.31621,6.31797,1.35,1.05
2011.03.18 14:16:51.719,6.31621,6.31806,1.35,1.27
2011.03.18 14:16:52.601,6.3163,6.31809,2.10,1.43
2011.03.18 14:16:52.722,6.3163,6.31809,2.10,1.12
2011.03.18 14:16:52.846,6.31652,6.31833,1.35,1.55
2011.03.18 14:16:53.311,6.31673,6.31833,1.35,1.14
2011.03.18 14:16:53.437,6.31686,6.31853,1.35,1.04
2011.03.18 14:16:56.168,6.31686,6.31868,1.35,1.02
2011.03.18 14:16:57.158,6.31676,6.31867,1.35,1.13
2011.03.18 14:16:57.871,6.31676,6.31862,1.35,1.45
2011.03.18 14:17:01.048,6.31691,6.31867,2.10,1.31
2011.03.18 14:17:01.268,6.31691,6.31883,2.10,1.27
2011.03.18 14:17:01.489,6.31686,6.31862,1.08,1.12
2011.03.18 14:17:01.708,6.31678,6.31858,1.35,1.01
2011.03.18 14:17:02.248,6.31678,6.31857,1.35,1.02
2011.03.18 14:17:04.239,6.31668,6.31844,1.08,2.25
2011.03.18 14:17:04.349,6.31666,6.31844,1.08,2.25
2011.03.18 14:17:05.009,6.31646,6.31833,1.35,1.05
2011.03.18 14:17:05.118,6.31646,6.31822,1.35,1.24
2011.03.18 14:17:05.480,6.31646,6.31822,1.35,1.45
2011.03.18 14:17:08.167,6.31646,6.31822,1.35,1.75
2011.03.18 14:17:09.369,6.31646,6.31822,1.35,1.45
2011.03.18 14:17:10.090,6.31646,6.31822,1.35,1.45
2011.03.18 14:17:11.734,6.31646,6.31822,1.35,1.30
2011.03.18 14:17:12.857,6.31646,6.31822,1.35,1.45
2011.03.18 14:17:13.907,6.31646,6.31822,1.35,1.60
2011.03.18 14:17:17.397,6.31646,6.31822,1.35,2.05
2011.03.18 14:17:19.639,6.3163,6.31797,1.35,1.11
2011.03.18 14:17:19.748,6.3163,6.31797,1.35,1.11
2011.03.18 14:17:20.178,6.31631,6.31811,1.35,1.30
2011.03.18 14:17:20.509,6.31643,6.31824,1.35,1.45
2011.03.18 14:17:20.840,6.31652,6.31827,1.35,1.17
2011.03.18 14:17:21.170,6.31654,6.31827,1.35,1.17
2011.03.18 14:17:21.580,6.31654,6.31833,1.35,1.30
2011.03.18 14:17:34.143,6.31703,6.31857,4.50,1.15
2011.03.18 14:17:34.259,6.31685,6.31881,4.35,1.27
2011.03.18 14:17:34.368,6.31689,6.31911,1.35,1.27
2011.03.18 14:17:37.268,6.31704,6.31921,5.25,1.27
2011.03.18 14:17:38.281,6.31733,6.31921,4.50,1.27
2011.03.18 14:17:38.511,6.31754,6.31967,5.25,1.19
2011.03.18 14:17:39.003,6.31748,6.31978,1.35,1.27
2011.03.18 14:17:39.230,6.31751,6.31978,1.50,1.27
2011.03.18 14:17:39.559,6.31784,6.31999,5.25,1.45
2011.03.18 14:17:40.329,6.31776,6.31991,1.35,1.45
2011.03.18 14:17:41.541,6.31754,6.31972,5.25,1.45
2011.03.18 14:17:41.769,6.31754,6.31972,5.25,1.89
2011.03.18 14:17:46.527,6.31753,6.31976,1.50,1.02
2011.03.18 14:17:47.578,6.31744,6.31971,1.50,1.77
2011.03.18 14:17:47.908,6.31744,6.31956,1.50,1.10
2011.03.18 14:17:48.347,6.31744,6.31954,1.50,1.25
2011.03.18 14:17:49.063,6.31744,6.31956,1.50,1.19
2011.03.18 14:17:49.178,6.31744,6.31953,1.50,1.14
2011.03.18 14:17:50.107,6.31744,6.31964,1.50,1.19
2011.03.18 14:17:50.878,6.31744,6.31965,1.50,1.22
2011.03.18 14:17:51.227,6.31744,6.31963,1.50,1.03
2011.03.18 14:17:52.179,6.31744,6.3196,1.50,1.30
2011.03.18 14:17:52.967,6.31744,6.31951,1.50,1.04
2011.03.18 14:17:53.608,6.31744,6.31949,1.50,1.10
2011.03.18 14:17:54.159,6.31744,6.31948,1.50,1.03
2011.03.18 14:17:54.712,6.31725,6.31953,1.50,1.09
2011.03.18 14:17:54.829,6.31725,6.31947,1.50,1.40
2011.03.18 14:17:55.379,6.31715,6.31937,1.50,1.04
2011.03.18 14:17:55.488,6.31715,6.31923,1.50,1.07
2011.03.18 14:17:56.658,6.31722,6.31931,1.50,1.10
2011.03.18 14:17:56.878,6.31722,6.31933,1.50,1.07
2011.03.18 14:17:57.207,6.31722,6.31931,1.50,1.07
2011.03.18 14:17:57.758,6.31722,6.3194,1.50,1.32
2011.03.18 14:17:59.528,6.31722,6.31932,1.50,1.19
2011.03.18 14:17:59.637,6.31722,6.31939,1.50,1.25
2011.03.18 14:17:59.997,6.31722,6.31931,1.50,1.21
2011.03.18 14:18:00.219,6.31722,6.31945,1.50,1.33
2011.03.18 14:18:00.851,6.31722,6.31947,1.50,1.27
2011.03.18 14:18:00.959,6.31722,6.31934,1.50,1.04
2011.03.18 14:18:01.290,6.31714,6.31929,1.50,1.10
2011.03.18 14:18:01.509,6.31714,6.31918,1.50,1.09
2011.03.18 14:18:02.621,6.31702,6.31915,1.50,1.25
2011.03.18 14:18:03.074,6.31681,6.31907,1.50,5.33
2011.03.18 14:18:03.517,6.31681,6.31886,1.50,1.04
2011.03.18 14:18:04.065,6.31664,6.31878,1.50,1.04
2011.03.18 14:18:04.293,6.31654,6.31868,1.50,1.18
2011.03.18 14:18:05.509,6.31654,6.31867,1.50,1.21
2011.03.18 14:18:06.059,6.31669,6.31873,1.50,1.30
2011.03.18 14:18:06.169,6.31669,6.31882,1.50,1.09
2011.03.18 14:18:06.498,6.31669,6.31885,1.50,1.27
2011.03.18 14:18:06.899,6.3168,6.31883,1.50,1.03
2011.03.18 14:18:07.228,6.3168,6.31881,1.50,1.10
2011.03.18 14:18:07.557,6.3168,6.31895,1.50,1.30
2011.03.18 14:18:08.251,6.3168,6.31889,1.50,1.22
2011.03.18 14:18:08.370,6.3168,6.31884,1.50,1.07
2011.03.18 14:18:09.040,6.31663,6.31877,1.50,1.04
2011.03.18 14:18:09.151,6.31663,6.31866,1.50,1.43
2011.03.18 14:18:09.269,6.31662,6.31877,1.50,1.19
2011.03.18 14:18:09.379,6.31662,6.31874,1.50,1.38
2011.03.18 14:18:09.930,6.31662,6.31874,1.50,1.07
2011.03.18 14:18:10.259,6.31662,6.31883,1.50,1.17
2011.03.18 14:18:10.481,6.31693,6.31893,5.25,1.21
2011.03.18 14:18:10.599,6.31693,6.31891,5.25,1.13
2011.03.18 14:18:10.709,6.31705,6.31909,1.50,1.42
2011.03.18 14:18:11.037,6.31705,6.31909,1.50,1.46
2011.03.18 14:18:11.853,6.31722,6.31926,1.50,1.22
2011.03.18 14:18:12.518,6.31722,6.31926,1.50,1.36
2011.03.18 14:18:12.629,6.31708,6.31912,1.50,1.06
2011.03.18 14:18:13.071,6.31677,6.3189,1.50,1.03
2011.03.18 14:18:13.299,6.31677,6.31889,1.50,1.03
2011.03.18 14:18:13.849,6.31678,6.31882,1.50,1.06
2011.03.18 14:18:14.181,6.31696,6.31906,1.50,1.19
2011.03.18 14:18:14.509,6.31704,6.31904,5.25,1.22
2011.03.18 14:18:14.619,6.31717,6.31911,1.50,1.31
2011.03.18 14:18:14.729,6.31717,6.31921,1.50,1.55
2011.03.18 14:18:14.948,6.31717,6.31921,1.50,1.06
2011.03.18 14:18:15.059,6.31717,6.31937,1.50,1.16
2011.03.18 14:18:15.567,6.31717,6.31938,1.50,1.37
2011.03.18 14:18:15.898,6.31717,6.31938,1.50,1.37
2011.03.18 14:18:16.008,6.31725,6.3194,1.50,1.37
2011.03.18 14:18:16.227,6.31725,6.31929,1.50,1.03
2011.03.18 14:18:16.559,6.31716,6.31933,1.50,1.36
2011.03.18 14:18:16.669,6.31716,6.3192,1.50,1.31
2011.03.18 14:18:16.782,6.31705,6.31909,1.50,1.09
2011.03.18 14:18:16.904,6.31694,6.31907,1.50,5.17
2011.03.18 14:18:17.021,6.31662,6.31897,1.50,1.27
2011.03.18 14:18:17.239,6.31662,6.31878,1.50,1.04
2011.03.18 14:18:17.787,6.31661,6.31877,1.50,1.10
2011.03.18 14:18:18.130,6.31652,6.31877,1.50,1.10
2011.03.18 14:18:19.711,6.31672,6.31906,1.35,1.10
2011.03.18 14:18:20.729,6.31675,6.31906,1.50,1.17
2011.03.18 14:18:21.057,6.31674,6.31891,1.50,1.18
2011.03.18 14:18:21.387,6.31674,6.31888,1.50,1.04
2011.03.18 14:18:21.608,6.31674,6.31891,1.50,1.24
2011.03.18 14:18:21.938,6.31674,6.31889,1.50,1.16
2011.03.18 14:18:22.709,6.31674,6.31897,1.50,1.65
2011.03.18 14:18:22.818,6.31674,6.3189,1.50,1.14
2011.03.18 14:18:23.368,6.31674,6.31892,1.50,1.12
2011.03.18 14:18:23.701,6.31674,6.3189,1.50,1.24
2011.03.18 14:18:24.042,6.31674,6.31885,1.50,1.06
2011.03.18 14:18:24.270,6.31686,6.31896,1.50,1.03
2011.03.18 14:18:24.730,6.31662,6.31889,1.50,1.91
2011.03.18 14:18:24.839,6.31652,6.31872,1.50,1.11
2011.03.18 14:18:25.389,6.31654,6.31872,5.25,1.09
2011.03.18 14:18:25.719,6.31664,6.31875,5.25,1.54
2011.03.18 14:18:26.208,6.3166,6.31874,1.50,1.18
2011.03.18 14:18:26.540,6.31663,6.31886,5.25,1.18
2011.03.18 14:18:26.869,6.3166,6.31881,1.50,1.12
2011.03.18 14:18:27.683,6.31664,6.31882,5.25,1.20
2011.03.18 14:18:27.795,6.3166,6.31874,1.50,1.05
2011.03.18 14:18:28.128,6.31663,6.31876,5.25,1.14
2011.03.18 14:18:28.239,6.31663,6.31878,5.25,1.01
2011.03.18 14:18:28.459,6.31663,6.31889,5.25,1.73
2011.03.18 14:18:28.569,6.31675,6.319,1.50,1.15
2011.03.18 14:18:28.679,6.31696,6.31908,1.50,1.16
2011.03.18 14:18:28.900,6.3172,6.31923,1.50,1.11
2011.03.18 14:18:29.119,6.3172,6.31923,1.50,1.26
2011.03.18 14:18:32.183,6.3172,6.31929,1.50,1.14
2011.03.18 14:18:33.928,6.3172,6.31923,1.50,1.05
2011.03.18 14:18:34.139,6.3172,6.31917,1.50,1.05
2011.03.18 14:18:34.358,6.31708,6.31935,1.50,1.10
2011.03.18 14:18:34.579,6.31708,6.31933,1.50,1.10
2011.03.18 14:18:34.798,6.31708,6.31935,1.50,1.12
2011.03.18 14:18:41.435,6.31708,6.31928,1.50,1.07
2011.03.18 14:18:41.899,6.31708,6.31913,1.50,1.08
2011.03.18 14:18:42.230,6.31664,6.31877,5.25,1.19
2011.03.18 14:18:42.668,6.31664,6.31871,5.25,1.01
2011.03.18 14:18:47.311,6.31646,6.31875,1.50,1.72
2011.03.18 14:18:47.760,6.31631,6.31858,1.50,1.42
2011.03.18 14:18:48.201,6.31631,6.3184,1.50,1.02
2011.03.18 14:18:48.420,6.31616,6.31845,1.50,1.70
2011.03.18 14:18:48.749,6.31616,6.31845,1.50,1.69
2011.03.18 14:18:48.968,6.31609,6.31827,1.50,1.19
2011.03.18 14:18:49.885,6.31609,6.31826,1.50,1.08
2011.03.18 14:18:50.218,6.31578,6.31807,1.50,1.42
2011.03.18 14:18:52.967,6.31578,6.31782,1.50,1.39
2011.03.18 14:18:54.899,6.31578,6.31782,1.50,1.60
2011.03.18 14:18:55.468,6.31578,6.31782,1.50,1.22
2011.03.18 14:18:56.139,6.31578,6.31782,1.50,1.10
2011.03.18 14:18:57.080,6.31578,6.31782,1.65,1.07
2011.03.18 14:18:57.189,6.31602,6.31782,1.05,1.07
2011.03.18 14:18:57.519,6.3165,6.31842,1.50,1.65
2011.03.18 14:18:58.908,6.3164,6.31845,1.50,1.43
2011.03.18 14:18:59.572,6.31618,6.31817,1.08,5.78
2011.03.18 14:18:59.800,6.31612,6.31813,1.50,1.13
2011.03.18 14:19:01.396,6.31612,6.31812,1.50,1.10
2011.03.18 14:19:02.082,6.31612,6.31817,1.50,5.97
2011.03.18 14:19:02.568,6.31612,6.31817,1.50,5.78
2011.03.18 14:19:03.310,6.31612,6.31817,1.50,6.06
2011.03.18 14:19:04.468,6.31612,6.31817,1.50,5.71
2011.03.18 14:19:05.172,6.31612,6.31817,1.50,6.11
2011.03.18 14:19:05.399,6.31612,6.31817,1.50,5.75
2011.03.18 14:19:05.619,6.3162,6.31822,1.50,1.17
2011.03.18 14:19:06.453,6.31628,6.31822,1.50,1.17
2011.03.18 14:19:07.209,6.31628,6.31832,1.50,1.61
2011.03.18 14:19:07.773,6.31628,6.31832,1.65,1.22
2011.03.18 14:19:08.259,6.31647,6.31841,1.50,1.42
2011.03.18 14:19:08.369,6.31647,6.31851,1.50,1.22
2011.03.18 14:19:10.725,6.31625,6.31817,1.65,4.50
2011.03.18 14:19:10.839,6.31625,6.31817,1.65,4.50
2011.03.18 14:19:11.282,6.31625,6.31842,1.50,1.03
2011.03.18 14:19:11.500,6.31613,6.31832,1.05,1.10
2011.03.18 14:19:11.942,6.31632,6.31841,1.05,1.15
2011.03.18 14:19:12.499,6.31642,6.31846,1.50,1.22
2011.03.18 14:19:13.078,6.31642,6.31846,1.80,1.33
2011.03.18 14:19:15.402,6.31642,6.31743,1.80,3.75
2011.03.18 14:19:15.739,6.31473,6.31702,1.50,1.50
2011.03.18 14:19:15.850,6.31473,6.31732,1.50,2.10
2011.03.18 14:19:15.959,6.31522,6.31718,2.10,1.06
2011.03.18 14:19:16.070,6.31553,6.31763,5.10,1.04
2011.03.18 14:19:16.178,6.3156,6.31763,1.35,1.04
2011.03.18 14:19:16.618,6.3156,6.31709,1.35,1.50
2011.03.18 14:19:17.429,6.31559,6.31779,1.50,1.10
2011.03.18 14:19:17.539,6.31559,6.31774,1.50,1.10
2011.03.18 14:19:18.329,6.31559,6.31785,1.50,1.35
2011.03.18 14:19:18.858,6.31559,6.31784,1.50,1.01
2011.03.18 14:19:23.250,6.31559,6.31792,1.50,1.06
2011.03.18 14:19:23.470,6.31561,6.31784,1.50,1.31
2011.03.18 14:19:24.697,6.31561,6.3178,1.50,1.40
2011.03.18 14:19:29.388,6.31563,6.31781,1.05,1.25
2011.03.18 14:19:30.189,6.31563,6.3178,1.05,1.21
2011.03.18 14:19:30.302,6.31593,6.3178,5.40,1.21
2011.03.18 14:19:30.412,6.31603,6.31802,1.05,1.24
2011.03.18 14:19:30.886,6.31626,6.31805,1.20,1.19
2011.03.18 14:19:31.359,6.31623,6.31805,1.05,1.06
2011.03.18 14:19:32.471,6.31623,6.31815,1.05,1.27
2011.03.18 14:19:32.591,6.31634,6.3182,1.20,1.04
2011.03.18 14:19:32.704,6.31635,6.31829,1.50,1.09
2011.03.18 14:19:33.478,6.31663,6.31863,1.05,1.28
2011.03.18 14:19:34.323,6.31663,6.31863,1.05,1.39
2011.03.18 14:19:38.091,6.31672,6.31863,1.05,1.39
2011.03.18 14:19:38.904,6.31662,6.31863,1.05,1.40
2011.03.18 14:19:40.112,6.31665,6.31868,1.65,1.09
2011.03.18 14:19:40.799,6.31665,6.31868,1.65,1.09
2011.03.18 14:19:43.802,6.31654,6.31864,1.50,1.09
2011.03.18 14:19:43.921,6.31654,6.31864,1.20,1.09
2011.03.18 14:19:44.032,6.31654,6.31848,1.20,1.33
2011.03.18 14:19:44.153,6.31642,6.31849,1.05,1.15
2011.03.18 14:19:44.533,6.31631,6.31823,1.35,1.09
2011.03.18 14:19:44.654,6.31612,6.31823,1.05,1.37
2011.03.18 14:19:45.928,6.31607,6.31823,1.50,1.37
2011.03.18 14:19:46.150,6.31588,6.31796,1.35,1.04
2011.03.18 14:19:46.479,6.31588,6.31788,1.35,1.36
2011.03.18 14:19:46.808,6.31572,6.31777,1.50,1.51
2011.03.18 14:19:46.919,6.31572,6.31777,1.50,1.33
2011.03.18 14:19:47.441,6.31562,6.31777,1.50,1.34
2011.03.18 14:19:47.551,6.31562,6.31773,1.80,1.09
2011.03.18 14:19:48.215,6.31572,6.31774,1.05,1.09
2011.03.18 14:19:49.002,6.31572,6.31774,1.05,1.01
2011.03.18 14:19:49.340,6.31593,6.31799,5.25,1.07
2011.03.18 14:19:49.451,6.31597,6.31813,1.50,1.24
2011.03.18 14:19:50.189,6.31612,6.31823,1.05,1.19
2011.03.18 14:19:52.530,6.31612,6.31823,1.05,1.01
2011.03.18 14:19:52.967,6.31591,6.31803,1.35,1.27
2011.03.18 14:19:53.300,6.31574,6.31778,1.50,1.01
2011.03.18 14:19:53.632,6.31565,6.31772,1.65,1.01
2011.03.18 14:19:54.191,6.31583,6.31772,1.05,1.01
2011.03.18 14:19:54.299,6.31583,6.31773,1.05,1.01
2011.03.18 14:19:54.410,6.31583,6.31772,1.05,1.01
2011.03.18 14:19:57.668,6.31583,6.31772,1.05,1.01
2011.03.18 14:19:57.779,6.31593,6.31778,1.05,1.01
2011.03.18 14:19:59.139,6.31593,6.31801,1.05,2.31
2011.03.18 14:19:59.256,6.31582,6.31794,1.05,1.57
2011.03.18 14:19:59.372,6.31572,6.31794,1.05,1.57
2011.03.18 14:20:00.840,6.3159,6.31794,1.05,1.74
2011.03.18 14:20:01.171,6.31603,6.31801,4.95,2.30
2011.03.18 14:20:01.278,6.31612,6.31801,1.05,2.09
2011.03.18 14:20:01.610,6.31612,6.31807,1.05,2.45
2011.03.18 14:20:01.943,6.31593,6.31805,1.05,1.70
2011.03.18 14:20:02.060,6.31582,6.31797,1.05,2.38
2011.03.18 14:20:02.278,6.31582,6.31797,1.05,2.38
2011.03.18 14:20:02.718,6.31603,6.31797,1.35,2.54
2011.03.18 14:20:02.939,6.31616,6.3182,1.08,1.54
2011.03.18 14:20:03.159,6.31616,6.3182,1.08,1.53
2011.03.18 14:20:03.796,6.31615,6.31813,1.68,1.34
2011.03.18 14:20:04.208,6.31616,6.31813,1.38,1.34
2011.03.18 14:20:04.979,6.31617,6.31813,1.08,1.34
2011.03.18 14:20:05.519,6.31617,6.31813,1.08,1.34
2011.03.18 14:20:05.850,6.31646,6.31813,1.05,1.27
2011.03.18 14:20:06.075,6.3166,6.31848,2.40,1.62
2011.03.18 14:20:06.194,6.3166,6.31855,2.40,2.41
2011.03.18 14:20:06.311,6.31685,6.3186,1.05,1.19
2011.03.18 14:20:06.643,6.31657,6.31847,1.23,1.37
2011.03.18 14:20:06.759,6.31647,6.31828,1.08,1.12
2011.03.18 14:20:07.308,6.31651,6.31828,1.23,1.19
2011.03.18 14:20:07.736,6.31651,6.31828,1.23,1.19
2011.03.18 14:20:08.128,6.31648,6.31828,1.05,1.12
2011.03.18 14:20:08.679,6.31648,6.31828,1.05,1.38
2011.03.18 14:20:09.502,6.31637,6.31825,1.05,1.38
2011.03.18 14:20:09.731,6.31627,6.31815,1.08,1.12
2011.03.18 14:20:09.952,6.31624,6.31815,1.38,1.12
2011.03.18 14:20:10.072,6.31638,6.31829,1.08,1.38
2011.03.18 14:20:10.190,6.31653,6.31843,1.23,1.34
2011.03.18 14:20:10.299,6.31653,6.31843,1.23,1.37
2011.03.18 14:20:10.518,6.31652,6.31843,1.05,1.37
2011.03.18 14:20:10.738,6.31643,6.31843,1.05,1.37
2011.03.18 14:20:10.958,6.31653,6.31843,1.08,1.12
2011.03.18 14:20:13.299,6.31662,6.31843,1.08,1.12
2011.03.18 14:20:13.851,6.31669,6.31856,1.08,1.38
2011.03.18 14:20:14.234,6.31644,6.31851,1.65,1.23
2011.03.18 14:20:14.349,6.31644,6.31845,1.65,1.10
2011.03.18 14:20:14.903,6.31688,6.31845,1.50,1.07
2011.03.18 14:20:15.023,6.31688,6.31845,1.50,1.02
2011.03.18 14:20:16.508,6.31688,6.31869,1.20,1.11
2011.03.18 14:20:17.109,6.31688,6.31869,1.05,1.11
2011.03.18 14:20:17.693,6.31688,6.31869,1.05,1.08
2011.03.18 14:20:18.854,6.31702,6.31881,1.05,1.68
2011.03.18 14:20:19.610,6.31702,6.31881,1.35,1.57
2011.03.18 14:20:19.939,6.31702,6.3188,1.05,1.05
2011.03.18 14:20:20.159,6.31702,6.31877,1.05,1.20
2011.03.18 14:20:20.872,6.31702,6.31877,1.35,1.20
2011.03.18 14:20:21.467,6.31702,6.31878,1.35,1.11
2011.03.18 14:20:22.888,6.31702,6.31877,1.35,1.10
2011.03.18 14:20:25.780,6.31702,6.31877,1.50,1.10
2011.03.18 14:20:26.848,6.31702,6.3187,1.35,1.01
2011.03.18 14:20:28.549,6.31692,6.3187,1.50,1.02
2011.03.18 14:20:28.659,6.31692,6.3187,1.50,1.02
2011.03.18 14:20:29.379,6.31692,6.31873,1.35,1.50
2011.03.18 14:20:30.184,6.31692,6.31873,1.35,1.42
2011.03.18 14:20:31.540,6.31683,6.31864,1.05,2.18
2011.03.18 14:20:31.759,6.31672,6.31836,1.35,1.43
2011.03.18 14:20:32.241,6.31672,6.31851,1.50,1.58
2011.03.18 14:20:32.459,6.31684,6.31861,1.20,1.10
2011.03.18 14:20:32.900,6.31693,6.31875,1.05,1.50
2011.03.18 14:20:33.378,6.31694,6.31875,1.20,1.50
2011.03.18 14:20:33.710,6.31706,6.31887,1.50,1.09
2011.03.18 14:20:36.476,6.31706,6.3189,1.50,1.58
2011.03.18 14:20:39.150,6.31706,6.3189,1.50,1.52
2011.03.18 14:20:39.371,6.31692,6.31873,1.05,2.40
2011.03.18 14:20:39.590,6.31677,6.31856,1.50,1.51
2011.03.18 14:20:39.810,6.3168,6.31879,1.50,1.45
2011.03.18 14:20:40.951,6.31695,6.31879,1.50,1.56
2011.03.18 14:20:44.772,6.31687,6.31879,1.50,1.57
2011.03.18 14:20:45.960,6.31687,6.31871,1.50,1.14
2011.03.18 14:20:46.074,6.3171,6.31886,1.50,5.46
2011.03.18 14:20:46.191,6.3171,6.31887,1.05,5.46
2011.03.18 14:20:46.412,6.31689,6.31868,1.35,1.27
2011.03.18 14:20:46.639,6.31675,6.31857,1.20,1.18
2011.03.18 14:20:47.900,6.31626,6.31818,1.50,1.19
2011.03.18 14:20:48.468,6.31626,6.31796,1.50,4.76
2011.03.18 14:20:48.594,6.31606,6.31796,1.50,5.27
2011.03.18 14:20:49.498,6.31606,6.31796,1.50,5.35
2011.03.18 14:20:49.828,6.31606,6.31788,1.50,1.11
2011.03.18 14:20:49.939,6.31606,6.31791,1.50,1.07
2011.03.18 14:20:50.160,6.31625,6.31806,1.50,1.27
2011.03.18 14:20:50.271,6.31625,6.31806,1.50,1.41
2011.03.18 14:20:50.385,6.3165,6.31821,1.35,1.11
2011.03.18 14:20:50.501,6.3165,6.31816,1.50,1.03
2011.03.18 14:20:50.829,6.3165,6.31827,1.50,1.06
2011.03.18 14:20:52.941,6.3165,6.31828,1.35,1.07
2011.03.18 14:20:53.872,6.3165,6.31821,1.35,1.03
2011.03.18 14:20:54.570,6.31643,6.31819,1.05,1.02
2011.03.18 14:20:54.681,6.31622,6.31797,1.05,5.26
2011.03.18 14:20:55.122,6.31603,6.31796,1.20,1.36
2011.03.18 14:20:55.340,6.31603,6.31783,1.20,1.04
2011.03.18 14:20:56.189,6.31603,6.31783,1.50,1.04
2011.03.18 14:20:56.410,6.31626,6.31807,1.20,1.30
2011.03.18 14:20:56.522,6.31626,6.31818,1.50,1.45
2011.03.18 14:20:56.642,6.31648,6.31818,1.05,1.01
2011.03.18 14:20:56.980,6.31648,6.31818,1.50,1.01
2011.03.18 14:20:58.199,6.31648,6.31822,1.50,1.06
2011.03.18 14:20:58.670,6.31648,6.31822,1.05,1.06
2011.03.18 14:20:58.889,6.31648,6.31816,1.05,1.02
2011.03.18 14:21:00.401,6.31643,6.31818,1.05,1.04
2011.03.18 14:21:00.918,6.31648,6.31818,1.50,1.04
2011.03.18 14:21:01.770,6.31648,6.31827,1.50,1.51
2011.03.18 14:21:02.295,6.31648,6.31827,1.50,1.63
2011.03.18 14:21:03.876,6.31648,6.31827,1.50,1.48
2011.03.18 14:21:04.546,6.31648,6.31818,1.50,1.08
2011.03.18 14:21:04.783,6.31648,6.31818,1.50,1.08
2011.03.18 14:21:05.817,6.31648,6.31827,1.50,1.50
2011.03.18 14:21:07.478,6.31648,6.31827,1.05,1.50
2011.03.18 14:21:12.011,6.31648,6.31827,1.35,1.45
2011.03.18 14:21:12.522,6.31648,6.31827,1.35,1.53
2011.03.18 14:21:12.891,6.31648,6.31827,1.05,1.53
2011.03.18 14:21:14.885,6.31648,6.31827,1.05,1.36
2011.03.18 14:21:16.799,6.31648,6.31827,1.50,1.36
2011.03.18 14:21:17.128,6.31648,6.31826,1.50,1.07
2011.03.18 14:21:18.230,6.31642,6.31826,1.05,1.07
2011.03.18 14:21:18.448,6.31642,6.31827,1.05,1.38
2011.03.18 14:21:19.362,6.31635,6.31818,1.20,1.51
2011.03.18 14:21:19.580,6.31635,6.31818,1.20,1.49
2011.03.18 14:21:19.801,6.31635,6.31818,1.50,1.49
2011.03.18 14:21:19.911,6.31635,6.31818,1.50,1.12
2011.03.18 14:21:20.019,6.31647,6.3182,1.20,1.31
2011.03.18 14:21:20.239,6.31647,6.31824,1.50,1.01
2011.03.18 14:21:20.569,6.31647,6.31828,1.50,1.50
2011.03.18 14:21:20.789,6.3166,6.31839,1.50,1.08
2011.03.18 14:21:20.902,6.31659,6.31852,1.50,1.45
2011.03.18 14:21:21.021,6.31659,6.31852,1.50,1.45
2011.03.18 14:21:21.131,6.3167,6.31852,1.50,1.46
2011.03.18 14:21:21.350,6.31694,6.3186,1.20,1.21
2011.03.18 14:21:21.460,6.31684,6.31856,1.50,1.35
2011.03.18 14:21:21.789,6.31684,6.31841,1.50,1.06
2011.03.18 14:21:21.900,6.31684,6.3186,1.50,1.74
2011.03.18 14:21:22.231,6.31684,6.31866,1.50,1.09
2011.03.18 14:21:22.559,6.31685,6.31852,1.50,1.05
2011.03.18 14:21:24.240,6.31685,6.31851,1.50,1.10
2011.03.18 14:21:24.655,6.31693,6.31887,1.50,1.38
2011.03.18 14:21:24.989,6.31711,6.31886,1.05,1.48
2011.03.18 14:21:25.501,6.31711,6.31885,1.35,1.04
2011.03.18 14:21:29.130,6.31711,6.31886,1.35,1.43
2011.03.18 14:21:29.240,6.31711,6.31886,1.05,1.43
2011.03.18 14:21:29.607,6.31702,6.31873,1.05,2.18
2011.03.18 14:21:29.726,6.3168,6.31873,1.50,2.37
2011.03.18 14:21:30.468,6.31681,6.31862,1.50,1.43
2011.03.18 14:21:31.280,6.31681,6.31825,1.05,2.39
2011.03.18 14:21:32.422,6.31672,6.31825,1.05,2.35
2011.03.18 14:21:32.539,6.31672,6.31831,1.65,2.18
2011.03.18 14:21:32.801,6.31679,6.31858,2.85,1.08
2011.03.18 14:21:32.915,6.3168,6.31864,1.35,2.43
2011.03.18 14:21:33.020,6.3168,6.31864,1.35,2.37
2011.03.18 14:21:34.729,6.31673,6.3184,1.05,2.10
2011.03.18 14:21:34.949,6.31673,6.31837,1.05,1.05
2011.03.18 14:21:35.060,6.3169,6.31856,2.10,1.14
2011.03.18 14:21:35.170,6.3169,6.31859,2.10,1.19
2011.03.18 14:21:36.820,6.31707,6.31859,1.05,1.19
2011.03.18 14:21:37.149,6.3169,6.31859,2.10,1.41
2011.03.18 14:21:39.531,6.31674,6.31851,1.50,2.18
2011.03.18 14:21:40.518,6.31661,6.31846,1.65,5.18
2011.03.18 14:21:40.637,6.31651,6.31818,1.35,2.10
2011.03.18 14:21:40.752,6.31638,6.31817,2.55,1.12
2011.03.18 14:21:45.828,6.31625,6.31812,1.50,2.18
2011.03.18 14:21:46.049,6.31625,6.31807,1.35,1.11
2011.03.18 14:21:46.159,6.31618,6.31797,1.35,1.41
2011.03.18 14:21:46.599,6.31625,6.31808,1.35,1.38
2011.03.18 14:21:47.040,6.31618,6.31809,1.05,1.50
2011.03.18 14:21:47.605,6.31618,6.31798,1.05,1.30
2011.03.18 14:21:48.262,6.31617,6.31798,1.50,1.30
2011.03.18 14:21:48.490,6.31631,6.31802,2.10,1.40
2011.03.18 14:21:48.709,6.31657,6.31838,1.35,1.37
2011.03.18 14:21:48.821,6.31657,6.31838,1.50,1.40
2011.03.18 14:21:48.930,6.31657,6.31838,1.50,1.19
2011.03.18 14:21:49.153,6.31653,6.3182,1.05,2.10
2011.03.18 14:21:49.491,6.31672,6.31838,2.10,1.19
2011.03.18 14:21:49.601,6.31666,6.31841,1.50,2.18
2011.03.18 14:21:49.710,6.31666,6.31817,1.50,3.75
2011.03.18 14:21:50.181,6.31577,6.31752,1.50,2.40
2011.03.18 14:21:50.840,6.31577,6.31752,1.20,2.40
2011.03.18 14:21:50.950,6.31593,6.31788,2.10,1.40
2011.03.18 14:21:51.278,6.31601,6.31792,1.68,1.08
2011.03.18 14:21:52.079,6.31601,6.31804,1.68,1.13
2011.03.18 14:21:52.190,6.31582,6.31788,1.68,2.32
2011.03.18 14:21:52.302,6.31593,6.31804,2.43,1.13
2011.03.18 14:21:52.410,6.31593,6.31812,2.43,2.43
2011.03.18 14:21:53.570,6.31617,6.31829,1.05,1.06
2011.03.18 14:21:53.681,6.31617,6.31824,1.05,1.03
2011.03.18 14:21:54.008,6.31627,6.31824,1.05,1.03
2011.03.18 14:21:54.939,6.31621,6.31824,1.65,1.03
2011.03.18 14:21:55.053,6.31627,6.31824,1.05,1.03
2011.03.18 14:21:55.411,6.31621,6.31824,1.65,1.03
2011.03.18 14:21:55.523,6.31612,6.31797,1.20,2.10
2011.03.18 14:21:55.644,6.31602,6.31797,1.68,2.10
2011.03.18 14:21:55.870,6.31589,6.31767,1.38,2.10
2011.03.18 14:21:55.981,6.3158,6.31767,1.20,2.10
2011.03.18 14:21:56.309,6.3157,6.31767,1.65,2.18
2011.03.18 14:21:57.690,6.3157,6.31776,1.65,1.06
2011.03.18 14:21:57.801,6.3157,6.31785,1.65,1.34
2011.03.18 14:21:58.019,6.31569,6.3177,1.35,1.29
2011.03.18 14:22:02.043,6.31565,6.31769,2.25,1.48
2011.03.18 14:22:05.831,6.31565,6.31762,2.25,1.48
2011.03.18 14:22:08.432,6.31558,6.3173,1.08,2.29
2011.03.18 14:22:08.652,6.31521,6.31706,1.35,1.19
2011.03.18 14:22:09.959,6.31521,6.31706,1.35,1.19
2011.03.18 14:22:10.558,6.31513,6.31706,3.18,1.19
2011.03.18 14:22:13.611,6.31507,6.31685,1.08,1.12
2011.03.18 14:22:13.722,6.31507,6.31706,2.58,1.37
2011.03.18 14:22:14.059,6.31507,6.31706,2.58,1.19
2011.03.18 14:22:14.608,6.31518,6.31706,1.08,1.27
2011.03.18 14:22:15.600,6.31518,6.31692,1.08,1.32
2011.03.18 14:22:15.929,6.31518,6.31692,1.38,1.31
2011.03.18 14:22:16.430,6.3153,6.31692,2.10,1.41
2011.03.18 14:22:16.540,6.3153,6.31716,2.40,1.27
2011.03.18 14:22:16.649,6.31537,6.31733,1.08,1.35
2011.03.18 14:22:16.759,6.31537,6.31715,1.08,1.12
2011.03.18 14:22:17.089,6.31527,6.31703,1.05,1.12
2011.03.18 14:22:21.319,6.31517,6.31725,1.23,1.57
2011.03.18 14:22:21.541,6.31524,6.31725,1.35,1.53
2011.03.18 14:22:21.871,6.31557,6.31763,1.08,1.65
2011.03.18 14:22:21.983,6.31557,6.31763,1.23,1.51
2011.03.18 14:22:22.101,6.3156,6.31763,1.05,1.51
2011.03.18 14:22:22.649,6.31557,6.31763,1.23,1.53
2011.03.18 14:22:23.089,6.3156,6.31763,1.50,1.27
2011.03.18 14:22:23.309,6.3158,6.31785,1.05,1.44
2011.03.18 14:22:23.644,6.31562,6.31785,1.05,1.44
2011.03.18 14:22:23.762,6.31557,6.31785,1.23,1.60
2011.03.18 14:22:30.819,6.31583,6.31771,1.05,1.42
2011.03.18 14:22:31.040,6.31583,6.31786,1.05,1.36
2011.03.18 14:22:31.372,6.31571,6.31771,1.05,1.34
2011.03.18 14:22:31.488,6.31572,6.31771,1.05,1.44
2011.03.18 14:22:32.449,6.31562,6.31771,1.05,1.55
2011.03.18 14:22:33.220,6.31574,6.31771,4.50,1.49
2011.03.18 14:22:33.549,6.31588,6.31771,1.83,1.27
2011.03.18 14:22:34.209,6.31588,6.31792,1.83,1.27
2011.03.18 14:22:34.982,6.31588,6.31782,1.83,1.27
2011.03.18 14:22:36.670,6.31578,6.31749,1.83,1.27
2011.03.18 14:22:36.783,6.31558,6.31749,1.83,1.27
2011.03.18 14:22:36.900,6.31558,6.31749,1.83,1.27
2011.03.18 14:22:37.009,6.31558,6.31732,1.83,1.27
2011.03.18 14:22:39.490,6.31557,6.31751,1.83,1.27
2011.03.18 14:22:42.442,6.31544,6.3172,1.08,1.27
2011.03.18 14:22:42.669,6.31543,6.31736,4.83,1.27
2011.03.18 14:22:43.750,6.31544,6.31737,4.83,1.27
2011.03.18 14:22:43.860,6.31544,6.31737,4.83,1.27
2011.03.18 14:22:44.300,6.31544,6.31737,4.83,1.27
2011.03.18 14:22:44.519,6.31539,6.31751,1.83,1.27
2011.03.18 14:22:44.630,6.31539,6.31751,1.83,1.27
2011.03.18 14:22:44.740,6.31543,6.31751,4.83,1.27
2011.03.18 14:22:45.068,6.31543,6.31739,4.83,1.27
2011.03.18 14:22:46.049,6.31526,6.31725,1.83,1.27
2011.03.18 14:22:46.380,6.31526,6.31714,1.83,1.27
2011.03.18 14:22:46.708,6.31507,6.31695,1.83,1.27
2011.03.18 14:22:48.382,6.31516,6.31713,1.83,1.27
2011.03.18 14:22:49.161,6.31517,6.31703,1.83,1.27
2011.03.18 14:22:50.349,6.31517,6.31711,1.83,1.27
2011.03.18 14:22:59.040,6.31512,6.31711,1.83,1.27
2011.03.18 14:22:59.479,6.31491,6.31685,1.83,1.27
2011.03.18 14:22:59.810,6.31466,6.31667,1.83,1.27
2011.03.18 14:23:02.430,6.31454,6.31649,4.83,1.27
2011.03.18 14:23:05.263,6.31493,6.31689,4.83,1.27
2011.03.18 14:23:07.079,6.31502,6.31689,1.08,1.27
2011.03.18 14:23:07.962,6.31544,6.31707,4.83,1.27
2011.03.18 14:23:08.181,6.31544,6.3172,4.83,1.27
2011.03.18 14:23:14.579,6.31544,6.31739,4.83,1.27
2011.03.18 14:23:18.790,6.31534,6.31739,1.08,1.27
2011.03.18 14:23:19.010,6.31545,6.31739,1.83,1.27
2011.03.18 14:23:19.541,6.31549,6.31754,1.08,1.27
2011.03.18 14:23:19.650,6.31549,6.31754,1.08,1.27
2011.03.18 14:23:20.869,6.31583,6.31754,4.83,1.27
2011.03.18 14:23:22.860,6.31583,6.3178,4.83,1.27
2011.03.18 14:23:24.412,6.3158,6.31793,1.08,1.27
2011.03.18 14:23:24.818,6.31579,6.31783,1.08,1.27
2011.03.18 14:23:30.555,6.31566,6.31765,2.43,1.27
2011.03.18 14:23:31.436,6.31589,6.31804,1.08,1.27
2011.03.18 14:23:31.773,6.31583,6.31789,1.83,1.27
2011.03.18 14:23:32.221,6.31583,6.31775,1.83,1.27
2011.03.18 14:23:32.551,6.31558,6.31747,1.83,1.27
2011.03.18 14:23:33.121,6.31558,6.31747,1.83,1.27
2011.03.18 14:23:33.998,6.31543,6.31747,1.83,1.27
2011.03.18 14:23:34.511,6.31543,6.31738,1.83,1.27
2011.03.18 14:23:37.849,6.31589,6.31794,2.58,1.27
2011.03.18 14:23:37.958,6.31608,6.31806,1.08,1.27
2011.03.18 14:23:38.069,6.31608,6.31831,1.08,1.27
2011.03.18 14:23:41.915,6.3157,6.318,1.35,1.27
2011.03.18 14:23:42.067,6.3157,6.318,1.35,1.27
2011.03.18 14:23:45.219,6.31567,6.3178,1.08,1.27
2011.03.18 14:23:45.769,6.31569,6.31798,1.50,1.27
2011.03.18 14:23:48.132,6.31594,6.31805,5.25,1.27
2011.03.18 14:23:56.986,6.31608,6.31807,1.08,5.02
2011.03.18 14:23:57.104,6.3159,6.31805,1.50,1.27
2011.03.18 14:23:57.224,6.31567,6.31804,1.08,1.27
2011.03.18 14:23:57.450,6.31567,6.31782,1.08,1.27
2011.03.18 14:23:58.005,6.31543,6.31746,1.83,1.27
2011.03.18 14:23:58.232,6.31543,6.31745,1.50,1.27
2011.03.18 14:23:58.341,6.31518,6.31745,1.08,1.27
2011.03.18 14:23:58.450,6.31518,6.3173,1.08,1.27
2011.03.18 14:23:59.112,6.31525,6.31754,1.50,1.27
2011.03.18 14:24:02.099,6.31525,6.31754,1.50,1.27
2011.03.18 14:24:03.090,6.31518,6.31736,1.08,1.27
2011.03.18 14:24:03.308,6.31518,6.31735,1.08,1.27
2011.03.18 14:24:03.529,6.31518,6.31727,1.08,1.27
2011.03.18 14:24:04.380,6.31518,6.31743,1.08,1.27
2011.03.18 14:24:08.220,6.31518,6.3172,1.08,1.12
2011.03.18 14:24:08.879,6.31471,6.31685,1.50,1.12
2011.03.18 14:24:09.099,6.31472,6.31685,1.50,1.12
2011.03.18 14:24:09.668,6.3148,6.31685,1.50,1.12
2011.03.18 14:24:12.482,6.31505,6.31712,1.50,1.12
2011.03.18 14:24:12.988,6.3151,6.31725,1.50,1.12
2011.03.18 14:24:13.209,6.31523,6.31724,1.50,1.12
2011.03.18 14:24:15.148,6.31497,6.31712,1.35,1.12
2011.03.18 14:24:15.259,6.31497,6.31712,1.35,1.12
2011.03.18 14:24:15.698,6.31497,6.31712,1.35,1.12
2011.03.18 14:24:22.311,6.31478,6.31688,1.08,1.27
2011.03.18 14:24:22.532,6.31478,6.31696,1.08,1.27
2011.03.18 14:24:23.115,6.31478,6.31696,1.08,1.27
2011.03.18 14:24:23.340,6.31478,6.31695,1.08,1.27
2011.03.18 14:24:23.450,6.31478,6.31703,1.08,1.12
2011.03.18 14:24:23.934,6.3148,6.31703,1.50,1.12
2011.03.18 14:24:24.482,6.31478,6.31695,1.08,1.27
2011.03.18 14:24:25.748,6.31473,6.31676,1.08,1.27
2011.03.18 14:24:28.979,6.31478,6.31689,1.08,1.27
2011.03.18 14:24:30.042,6.31478,6.31664,1.08,1.12
2011.03.18 14:24:30.372,6.31455,6.31634,1.08,2.62
2011.03.18 14:24:30.700,6.31431,6.31634,1.50,2.62
2011.03.18 14:24:32.739,6.31455,6.31634,1.20,2.62
2011.03.18 14:24:32.959,6.31452,6.31634,1.05,2.62
2011.03.18 14:24:37.059,6.31455,6.31634,1.50,2.62
2011.03.18 14:24:37.169,6.31455,6.31634,1.20,2.62
2011.03.18 14:24:37.390,6.31455,6.31634,1.50,2.62
2011.03.18 14:24:38.859,6.31459,6.31634,1.50,2.10
2011.03.18 14:24:39.079,6.31459,6.31634,1.35,2.10
2011.03.18 14:24:39.320,6.31459,6.31634,1.05,2.10
2011.03.18 14:24:42.830,6.31431,6.31612,1.05,1.12
2011.03.18 14:24:42.944,6.31431,6.31604,1.05,2.10
2011.03.18 14:24:43.399,6.31427,6.31604,1.23,2.10
2011.03.18 14:24:46.660,6.31431,6.31604,1.05,2.10
2011.03.18 14:24:46.771,6.31427,6.31604,1.23,2.10
2011.03.18 14:24:47.739,6.31431,6.31604,1.05,2.10
2011.03.18 14:24:48.182,6.31427,6.31604,1.08,2.10
2011.03.18 14:24:48.300,6.31427,6.31582,1.08,2.49
2011.03.18 14:24:52.360,6.31427,6.31583,1.08,1.34
2011.03.18 14:24:54.629,6.31427,6.31592,1.08,1.57
2011.03.18 14:24:59.154,6.31393,6.31562,1.05,1.10
2011.03.18 14:25:01.261,6.31385,6.31562,1.50,2.56
2011.03.18 14:25:01.481,6.31377,6.31562,1.23,2.25
2011.03.18 14:25:02.638,6.31382,6.31562,1.05,2.30
2011.03.18 14:25:04.553,6.31382,6.31568,1.05,2.24
2011.03.18 14:25:04.783,6.31382,6.31549,1.05,1.39
2011.03.18 14:25:05.882,6.31377,6.31566,1.08,1.32
2011.03.18 14:25:06.459,6.31377,6.31566,1.08,1.42
2011.03.18 14:25:08.072,6.31377,6.31535,1.08,2.22
2011.03.18 14:25:08.179,6.31366,6.31535,1.08,2.22
2011.03.18 14:25:08.571,6.31353,6.31535,1.65,2.22
2011.03.18 14:25:09.215,6.31353,6.31535,1.65,2.36
2011.03.18 14:25:10.739,6.31363,6.31555,1.35,1.35
2011.03.18 14:25:11.840,6.31373,6.31555,1.05,1.35
2011.03.18 14:25:11.949,6.31373,6.31555,1.05,1.32
2011.03.18 14:25:12.720,6.31409,6.31571,2.10,1.53
2011.03.18 14:25:12.939,6.31409,6.31578,2.10,1.40
2011.03.18 14:25:13.049,6.31409,6.31591,2.85,1.33
2011.03.18 14:25:14.575,6.31385,6.31612,1.50,1.64
2011.03.18 14:25:16.158,6.31385,6.31612,1.50,1.57
2011.03.18 14:25:21.340,6.31385,6.31612,1.50,1.44
2011.03.18 14:25:23.050,6.31385,6.31612,1.50,1.39
2011.03.18 14:25:23.271,6.31381,6.316,1.35,1.48
2011.03.18 14:25:23.821,6.3138,6.316,1.35,1.62
2011.03.18 14:25:24.041,6.31352,6.31564,2.25,1.41
2011.03.18 14:25:25.090,6.3136,6.31564,1.83,1.41
2011.03.18 14:25:25.420,6.31359,6.31564,1.08,1.27
2011.03.18 14:25:26.000,6.31368,6.31573,1.08,1.46
2011.03.18 14:25:26.110,6.3137,6.31573,1.08,1.45
2011.03.18 14:25:26.330,6.31367,6.31573,2.25,1.27
2011.03.18 14:25:26.440,6.31353,6.31558,2.85,1.27
2011.03.18 14:25:29.970,6.31367,6.31558,1.50,1.46
2011.03.18 14:25:30.078,6.31358,6.31558,2.10,1.46
2011.03.18 14:25:30.410,6.31361,6.31569,1.35,1.15
2011.03.18 14:25:30.519,6.31361,6.31569,1.35,1.06
2011.03.18 14:25:30.959,6.31361,6.31569,1.35,1.08
2011.03.18 14:25:32.390,6.31368,6.31569,1.50,1.05
2011.03.18 14:25:32.722,6.31368,6.31576,2.25,1.31
2011.03.18 14:25:32.843,6.31381,6.31579,2.25,1.15
2011.03.18 14:25:33.511,6.31381,6.31604,2.85,1.47
2011.03.18 14:25:34.558,6.31381,6.31604,2.85,1.52
2011.03.18 14:25:37.849,6.31395,6.31604,2.25,1.63
2011.03.18 14:25:37.962,6.31395,6.31592,1.50,1.52
2011.03.18 14:25:38.082,6.31384,6.31592,2.25,1.52
2011.03.18 14:25:38.192,6.31384,6.31606,2.25,1.59
2011.03.18 14:25:38.301,6.31384,6.31606,2.25,1.65
2011.03.18 14:25:38.631,6.31395,6.31607,2.25,2.20
2011.03.18 14:25:38.739,6.31395,6.31607,2.25,1.96
2011.03.18 14:25:39.528,6.31395,6.31607,2.25,1.96
2011.03.18 14:25:42.059,6.31403,6.31607,2.25,1.21
2011.03.18 14:25:42.669,6.31403,6.31607,2.25,1.20
2011.03.18 14:25:42.780,6.31403,6.31607,2.25,1.37
2011.03.18 14:25:42.891,6.31403,6.31607,1.50,1.37
2011.03.18 14:25:43.220,6.31399,6.31604,2.25,1.56
2011.03.18 14:25:44.221,6.31399,6.31604,2.25,1.55
2011.03.18 14:25:47.010,6.31448,6.31604,1.35,1.56
2011.03.18 14:25:47.341,6.31448,6.31569,1.83,2.20
2011.03.18 14:25:47.449,6.31408,6.31569,1.08,2.20
2011.03.18 14:25:47.560,6.31386,6.31565,1.68,1.12
2011.03.18 14:25:47.999,6.31386,6.31565,1.68,1.19
2011.03.18 14:25:49.480,6.31386,6.31565,1.68,1.27
2011.03.18 14:25:49.861,6.31362,6.31555,1.50,1.22
2011.03.18 14:25:49.970,6.31363,6.31555,1.05,1.22
