2012.04.22 22:00:03.315,6.69827,6.7039,0.75,0.75
2012.04.22 22:00:03.864,6.69828,6.70391,0.75,0.75
2012.04.22 22:00:04.213,6.69802,6.70365,0.75,0.75
2012.04.22 22:00:04.333,6.6979,6.70366,0.75,0.75
2012.04.22 22:00:04.453,6.69791,6.70349,0.75,0.75
2012.04.22 22:00:05.403,6.69781,6.7035,0.75,0.75
2012.04.22 22:00:07.873,6.69728,6.70291,0.75,0.75
2012.04.22 22:00:45.594,6.69717,6.7028,0.75,0.75
2012.04.22 22:00:49.705,6.69694,6.70257,0.75,0.75
2012.04.22 22:00:50.014,6.6975,6.70315,0.75,0.75
2012.04.22 22:01:15.726,6.69699,6.70314,0.75,0.75
2012.04.22 22:01:15.796,6.69698,6.70263,0.75,0.75
2012.04.22 22:01:16.780,6.69742,6.70305,0.75,0.75
2012.04.22 22:01:23.073,6.6972,6.70283,0.75,0.75
2012.04.22 22:01:32.293,6.6967,6.70233,0.75,0.75
2012.04.22 22:01:36.564,6.69716,6.70281,0.75,0.75
2012.04.22 22:02:08.324,6.69728,6.70291,0.75,0.75
2012.04.22 22:03:03.393,6.69727,6.70292,0.75,0.75
2012.04.22 22:03:23.134,6.69704,6.70267,0.75,0.75
2012.04.22 22:03:33.747,6.69704,6.70253,0.75,0.75
2012.04.22 22:03:33.816,6.69648,6.70211,0.75,0.75
2012.04.22 22:03:36.065,6.69676,6.70239,0.75,0.75
2012.04.22 22:03:37.654,6.69684,6.7024,0.75,0.75
2012.04.22 22:03:37.724,6.69684,6.70249,0.75,0.75
2012.04.22 22:04:15.645,6.69684,6.70236,0.75,0.75
2012.04.22 22:04:33.224,6.69685,6.70236,0.75,0.75
2012.04.22 22:04:41.077,6.69676,6.70312,0.75,0.75
2012.04.22 22:04:41.203,6.69675,6.70325,0.75,0.75
2012.04.22 22:04:41.339,6.69711,6.70317,0.75,0.75
2012.04.22 22:04:41.897,6.69752,6.70305,0.75,0.75
2012.04.22 22:04:41.966,6.69752,6.70345,0.75,0.75
2012.04.22 22:04:57.243,6.698,6.70345,0.75,0.75
2012.04.22 22:05:15.084,6.69653,6.70303,0.75,0.75
2012.04.22 22:05:15.324,6.69653,6.70322,0.75,0.75
2012.04.22 22:05:15.451,6.69653,6.70217,0.75,0.75
2012.04.22 22:05:15.915,6.69697,6.70235,0.75,0.75
2012.04.22 22:05:15.984,6.69697,6.70259,0.75,0.75
2012.04.22 22:05:16.046,6.69697,6.70313,0.75,0.75
2012.04.22 22:05:16.306,6.69796,6.70313,0.75,0.75
2012.04.22 22:05:16.377,6.69796,6.70347,0.75,0.75
2012.04.22 22:05:16.944,6.69758,6.70327,0.75,0.75
2012.04.22 22:05:17.015,6.69758,6.70325,0.75,0.75
2012.04.22 22:05:17.866,6.69758,6.7029,0.75,0.75
2012.04.22 22:05:38.954,6.69773,6.7029,0.75,0.75
2012.04.22 22:05:39.194,6.69752,6.7029,0.75,0.75
2012.04.22 22:06:16.757,6.69734,6.7029,0.75,0.75
2012.04.22 22:06:17.884,6.69734,6.70299,0.75,0.75
2012.04.22 22:06:20.651,6.69734,6.70255,0.75,0.75
2012.04.22 22:06:31.515,6.69734,6.70219,0.75,0.75
2012.04.22 22:06:51.182,6.69734,6.70253,0.75,0.75
2012.04.22 22:07:11.052,6.69726,6.70253,0.75,0.75
2012.04.22 22:07:51.260,6.69726,6.70289,0.75,0.75
2012.04.22 22:08:06.061,6.69725,6.7029,0.75,0.75
2012.04.22 22:08:56.561,6.69725,6.70288,0.75,0.75
2012.04.22 22:08:59.217,6.69678,6.70241,0.75,0.75
2012.04.22 22:08:59.665,6.69678,6.70188,0.75,0.75
2012.04.22 22:08:59.793,6.69655,6.70188,0.75,0.75
2012.04.22 22:09:01.195,6.69655,6.70218,0.75,0.75
2012.04.22 22:09:01.265,6.69713,6.70223,0.75,0.75
2012.04.22 22:09:05.756,6.69713,6.70203,0.75,0.75
2012.04.22 22:09:06.107,6.69713,6.70137,0.75,0.75
2012.04.22 22:09:06.230,6.69499,6.70137,0.75,0.75
2012.04.22 22:09:06.375,6.69488,6.70137,0.75,0.75
2012.04.22 22:09:06.704,6.69507,6.70137,0.75,0.75
2012.04.22 22:09:06.823,6.69507,6.70162,0.75,0.75
2012.04.22 22:09:06.884,6.69507,6.70231,0.75,0.75
2012.04.22 22:09:07.774,6.69559,6.70231,0.75,0.75
2012.04.22 22:09:08.427,6.69571,6.70231,0.75,0.75
2012.04.22 22:09:08.734,6.69602,6.70231,0.75,0.75
2012.04.22 22:09:10.134,6.69611,6.70231,0.75,0.75
2012.04.22 22:09:10.956,6.69674,6.70231,0.75,0.75
2012.04.22 22:09:16.693,6.69695,6.70231,0.75,0.75
2012.04.22 22:09:38.677,6.69695,6.70193,0.75,0.75
2012.04.22 22:09:39.395,6.69718,6.70193,0.75,0.75
2012.04.22 22:10:01.995,6.69718,6.70157,0.75,0.75
2012.04.22 22:10:02.347,6.69699,6.70157,0.75,0.75
2012.04.22 22:10:03.243,6.69712,6.70157,0.75,0.75
2012.04.22 22:10:03.486,6.69677,6.70157,0.75,0.75
2012.04.22 22:10:03.676,6.69641,6.70157,0.75,0.75
2012.04.22 22:10:07.025,6.69628,6.70157,0.75,0.75
2012.04.22 22:10:07.456,6.69619,6.70157,0.75,0.75
2012.04.22 22:10:08.225,6.6961,6.70157,0.75,0.75
2012.04.22 22:10:08.695,6.6961,6.70122,0.75,0.75
2012.04.22 22:10:09.724,6.69598,6.70122,0.75,0.75
2012.04.22 22:10:11.285,6.69588,6.70122,0.75,0.75
2012.04.22 22:10:17.334,6.69535,6.70098,0.75,0.75
2012.04.22 22:10:17.515,6.69535,6.70086,0.75,0.75
2012.04.22 22:10:19.746,6.69535,6.70046,0.75,0.75
2012.04.22 22:10:19.936,6.6952,6.70046,0.75,0.75
2012.04.22 22:10:21.438,6.69552,6.70046,0.75,0.75
2012.04.22 22:10:21.635,6.69552,6.70106,0.75,0.75
2012.04.22 22:10:21.701,6.69522,6.70085,0.75,0.75
2012.04.22 22:10:21.826,6.69522,6.70033,0.75,0.75
2012.04.22 22:10:23.445,6.69522,6.7007,0.75,0.75
2012.04.22 22:10:32.495,6.69514,6.7007,0.75,0.75
2012.04.22 22:10:32.617,6.6948,6.70028,0.75,0.75
2012.04.22 22:10:32.686,6.6948,6.70043,0.75,0.75
2012.04.22 22:10:32.756,6.69467,6.70044,0.75,0.75
2012.04.22 22:10:33.225,6.69467,6.70027,0.75,0.75
2012.04.22 22:10:47.415,6.69504,6.70027,0.75,0.75
2012.04.22 22:10:47.656,6.6947,6.70035,0.75,0.75
2012.04.22 22:10:50.457,6.6947,6.70023,0.75,0.75
2012.04.22 22:11:08.534,6.6947,6.70008,0.75,0.75
2012.04.22 22:11:09.639,6.6947,6.69985,0.75,0.75
2012.04.22 22:11:14.926,6.69481,6.69985,0.75,0.75
2012.04.22 22:11:14.997,6.69481,6.70023,0.75,0.75
2012.04.22 22:11:15.810,6.69482,6.70023,0.75,0.75
2012.04.22 22:11:21.354,6.69493,6.70023,0.75,0.75
2012.04.22 22:11:21.475,6.69464,6.70023,0.75,0.75
2012.04.22 22:11:26.027,6.69464,6.69986,0.75,0.75
2012.04.22 22:11:26.365,6.69424,6.69986,0.75,0.75
2012.04.22 22:11:28.416,6.69414,6.69977,0.75,0.75
2012.04.22 22:11:29.315,6.69423,6.69977,0.75,0.75
2012.04.22 22:11:29.436,6.69422,6.69986,0.75,0.75
2012.04.22 22:11:29.565,6.69412,6.69986,0.75,0.75
2012.04.22 22:11:29.636,6.69413,6.69969,0.75,0.75
2012.04.22 22:11:30.196,6.69423,6.69986,0.75,0.75
2012.04.22 22:11:30.326,6.69409,6.69974,0.75,0.75
2012.04.22 22:11:30.867,6.69421,6.69986,0.75,1.50
2012.04.22 22:11:31.428,6.6944,6.69986,0.75,0.75
2012.04.22 22:11:38.454,6.6944,6.70003,0.75,0.75
2012.04.22 22:11:46.276,6.6944,6.69981,0.75,0.75
2012.04.22 22:11:53.394,6.6944,6.70003,0.75,0.75
2012.04.22 22:12:10.506,6.6944,6.69974,0.75,0.75
2012.04.22 22:12:20.914,6.6944,6.70003,0.75,0.75
2012.04.22 22:12:51.624,6.6946,6.70008,0.75,0.75
2012.04.22 22:12:59.104,6.69471,6.70008,0.75,0.75
2012.04.22 22:13:21.124,6.69471,6.70036,0.75,0.75
2012.04.22 22:13:30.485,6.69471,6.70032,0.75,0.75
2012.04.22 22:13:31.147,6.69471,6.70008,0.75,0.75
2012.04.22 22:13:33.886,6.6948,6.70008,0.75,0.75
2012.04.22 22:13:43.565,6.6948,6.70043,0.75,0.75
2012.04.22 22:13:47.735,6.69493,6.70048,0.75,0.75
2012.04.22 22:14:06.839,6.69517,6.70048,0.75,0.75
2012.04.22 22:14:15.637,6.69532,6.70048,0.75,0.75
2012.04.22 22:14:15.885,6.69531,6.70088,0.75,0.75
2012.04.22 22:14:25.758,6.69544,6.70088,0.75,0.75
2012.04.22 22:14:26.888,6.69556,6.70088,0.75,0.75
2012.04.22 22:14:32.352,6.69567,6.70088,0.75,0.75
2012.04.22 22:14:49.017,6.69567,6.70124,0.75,0.75
2012.04.22 22:14:54.241,6.69567,6.70132,0.75,0.75
2012.04.22 22:14:59.775,6.69567,6.70119,0.75,0.75
2012.04.22 22:15:31.617,6.69579,6.70119,0.75,0.75
2012.04.22 22:15:59.808,6.69579,6.70142,0.75,0.75
2012.04.22 22:16:08.345,6.69566,6.70143,0.75,0.75
2012.04.22 22:16:08.405,6.69566,6.70131,0.75,0.75
2012.04.22 22:16:08.877,6.69545,6.7011,0.75,0.75
2012.04.22 22:16:35.844,6.69569,6.70132,0.75,0.75
2012.04.22 22:16:52.185,6.6954,6.70105,0.75,0.75
2012.04.22 22:16:52.307,6.6954,6.70084,0.75,0.75
2012.04.22 22:16:52.767,6.6955,6.70113,0.75,0.75
2012.04.22 22:16:52.957,6.69571,6.70121,0.75,0.75
2012.04.22 22:17:05.977,6.69571,6.70112,0.75,0.75
2012.04.22 22:17:06.637,6.69571,6.70087,0.75,0.75
2012.04.22 22:17:15.166,6.69539,6.70087,0.75,0.75
2012.04.22 22:17:15.235,6.69539,6.70048,0.75,0.75
2012.04.22 22:17:22.636,6.69504,6.70048,0.75,0.75
2012.04.22 22:17:22.706,6.69504,6.70035,0.75,0.75
2012.04.22 22:17:23.307,6.69504,6.70011,0.75,0.75
2012.04.22 22:17:50.526,6.6946,6.70011,0.75,0.75
2012.04.22 22:17:51.036,6.69449,6.70011,0.75,0.75
2012.04.22 22:18:01.259,6.69449,6.69999,0.75,0.75
2012.04.22 22:18:01.679,6.69449,6.69974,0.75,0.75
2012.04.22 22:18:39.496,6.69449,6.69961,0.75,0.75
2012.04.22 22:18:40.885,6.69449,6.69936,0.75,0.75
2012.04.22 22:18:43.707,6.69467,6.69936,0.75,0.75
2012.04.22 22:18:44.016,6.69467,6.69972,0.75,0.75
2012.04.22 22:18:52.115,6.69467,6.70006,0.75,0.75
2012.04.22 22:19:16.870,6.6948,6.70043,0.75,0.75
2012.04.22 22:19:16.937,6.6948,6.70008,0.75,0.75
2012.04.22 22:19:17.256,6.695,6.70008,0.75,0.75
2012.04.22 22:20:05.655,6.69339,6.70049,1.50,1.50
2012.04.22 22:20:05.775,6.69339,6.70063,1.50,1.50
2012.04.22 22:20:07.145,6.69408,6.70063,1.50,1.50
2012.04.22 22:20:07.267,6.69431,6.70088,1.50,1.50
2012.04.22 22:20:07.396,6.69375,6.7008,1.50,1.50
2012.04.22 22:20:08.906,6.69375,6.70088,1.50,1.50
2012.04.22 22:20:09.497,6.69375,6.70088,1.50,1.50
2012.04.22 22:20:23.476,6.69375,6.70088,1.50,1.50
2012.04.22 22:20:23.546,6.69411,6.70125,1.50,1.50
2012.04.22 22:20:24.828,6.69411,6.70125,1.50,1.50
2012.04.22 22:20:37.046,6.69411,6.70125,1.50,1.50
2012.04.22 22:20:48.476,6.69411,6.70125,1.50,1.50
2012.04.22 22:21:09.705,6.69411,6.70125,1.50,1.50
2012.04.22 22:21:23.533,6.69333,6.70202,1.50,1.50
2012.04.22 22:21:31.895,6.69333,6.70193,1.50,1.50
2012.04.22 22:21:32.546,6.69377,6.7011,1.50,1.50
2012.04.22 22:21:32.727,6.69377,6.7011,1.50,1.50
2012.04.22 22:21:32.796,6.69377,6.70087,1.50,1.50
2012.04.22 22:21:32.975,6.69379,6.70112,1.50,1.50
2012.04.22 22:21:33.638,6.69425,6.70069,1.50,1.50
2012.04.22 22:21:34.179,6.69448,6.70067,1.50,1.50
2012.04.22 22:21:49.129,6.69448,6.70044,1.50,1.50
2012.04.22 22:21:49.747,6.69414,6.70033,1.50,1.50
2012.04.22 22:21:52.015,6.69414,6.70033,1.50,1.50
2012.04.22 22:21:54.657,6.69447,6.70068,1.50,1.50
2012.04.22 22:21:54.797,6.69447,6.70044,1.50,1.50
2012.04.22 22:21:57.147,6.69407,6.70027,1.50,1.50
2012.04.22 22:22:47.033,6.69407,6.70027,1.50,1.50
2012.04.22 22:22:50.008,6.69407,6.70027,1.50,1.50
2012.04.22 22:22:51.056,6.6949,6.6996,1.50,1.50
2012.04.22 22:23:04.996,6.6951,6.69936,1.50,1.50
2012.04.22 22:23:07.282,6.69441,6.69893,1.50,1.50
2012.04.22 22:23:22.585,6.69418,6.69893,1.50,1.50
2012.04.22 22:23:22.647,6.69404,6.69854,1.50,1.50
2012.04.22 22:23:22.908,6.69507,6.69995,1.50,1.50
2012.04.22 22:23:23.037,6.69514,6.69982,1.50,1.50
2012.04.22 22:23:23.358,6.69388,6.69879,1.50,1.50
2012.04.22 22:23:23.427,6.69511,6.69977,1.50,1.50
2012.04.22 22:23:23.558,6.69393,6.69879,1.50,1.50
2012.04.22 22:23:24.039,6.69393,6.69884,1.50,1.50
2012.04.22 22:23:24.168,6.6951,6.70002,1.50,1.50
2012.04.22 22:23:28.366,6.69505,6.69982,1.50,1.50
2012.04.22 22:23:36.965,6.69426,6.69957,1.50,1.50
2012.04.22 22:23:37.080,6.69426,6.69902,1.50,1.50
2012.04.22 22:23:37.356,6.69389,6.69852,1.50,1.50
2012.04.22 22:23:44.658,6.69389,6.69884,1.50,1.50
2012.04.22 22:23:44.725,6.69432,6.69908,1.50,1.50
2012.04.22 22:23:44.810,6.69432,6.70008,1.50,1.50
2012.04.22 22:23:44.936,6.69397,6.69894,1.50,1.50
2012.04.22 22:23:46.715,6.69422,6.70035,1.50,1.50
2012.04.22 22:23:46.778,6.69502,6.70035,1.50,1.50
2012.04.22 22:23:46.870,6.69382,6.70011,1.50,1.50
2012.04.22 22:23:46.938,6.69407,6.69941,1.50,1.50
2012.04.22 22:23:47.008,6.69426,6.69941,1.50,1.50
2012.04.22 22:23:47.077,6.69377,6.69893,1.50,1.50
2012.04.22 22:23:47.614,6.69416,6.6993,1.50,1.50
2012.04.22 22:23:47.969,6.69435,6.70011,1.50,1.50
2012.04.22 22:23:48.079,6.69435,6.6993,1.50,1.50
2012.04.22 22:23:48.280,6.69396,6.69907,1.50,1.50
2012.04.22 22:23:48.347,6.69396,6.69892,1.50,1.50
2012.04.22 22:23:53.946,6.69396,6.70009,1.50,1.50
2012.04.22 22:23:54.007,6.69499,6.70032,1.50,1.50
2012.04.22 22:23:54.065,6.69419,6.70032,1.50,1.50
2012.04.22 22:23:54.126,6.69394,6.6991,1.50,1.50
2012.04.22 22:24:55.113,6.69188,6.70133,1.50,1.50
2012.04.22 22:24:57.475,6.69228,6.70042,1.50,1.50
2012.04.22 22:24:57.836,6.6934,6.69889,1.50,1.50
2012.04.22 22:24:57.897,6.6934,6.69877,1.50,1.50
2012.04.22 22:25:10.068,6.69306,6.69782,1.50,1.50
2012.04.22 22:25:10.450,6.69293,6.69782,1.50,1.50
2012.04.22 22:25:10.573,6.69269,6.69743,1.50,1.50
2012.04.22 22:25:20.277,6.69367,6.69883,1.50,1.50
2012.04.22 22:25:20.783,6.69289,6.69803,1.50,1.50
2012.04.22 22:25:38.217,6.69309,6.69794,1.50,1.50
2012.04.22 22:25:38.286,6.69344,6.69818,1.50,1.50
2012.04.22 22:25:40.527,6.69344,6.69828,1.50,1.50
2012.04.22 22:25:40.587,6.69378,6.69852,1.50,1.50
2012.04.22 22:25:47.846,6.69312,6.69788,1.50,1.50
2012.04.22 22:26:00.617,6.69312,6.69808,1.50,1.50
2012.04.22 22:26:00.747,6.69358,6.69832,1.50,1.50
2012.04.22 22:26:05.317,6.69323,6.69797,1.50,1.50
2012.04.22 22:26:08.325,6.69323,6.69822,1.50,1.50
2012.04.22 22:26:08.385,6.69371,6.69828,1.50,1.50
2012.04.22 22:26:10.506,6.69334,6.69822,1.50,1.50
2012.04.22 22:26:10.625,6.69334,6.6981,1.50,1.50
2012.04.22 22:26:55.561,6.69334,6.69824,1.50,1.50
2012.04.22 22:26:55.630,6.69373,6.69847,1.50,1.50
2012.04.22 22:27:18.662,6.69396,6.69901,1.50,1.50
2012.04.22 22:27:18.730,6.69427,6.69901,1.50,1.50
2012.04.22 22:27:19.144,6.69386,6.69877,1.50,1.50
2012.04.22 22:27:19.245,6.69386,6.6986,1.50,1.50
2012.04.22 22:28:15.299,6.6941,6.69895,1.50,1.50
2012.04.22 22:28:15.362,6.69418,6.69895,1.50,1.50
2012.04.22 22:28:45.412,6.69443,6.69943,1.50,1.50
2012.04.22 22:28:45.482,6.69467,6.69943,1.50,1.50
2012.04.22 22:28:58.981,6.69456,6.69943,1.50,1.50
2012.04.22 22:28:59.040,6.69433,6.69907,1.50,1.50
2012.04.22 22:29:07.602,6.69433,6.69918,1.50,1.50
2012.04.22 22:29:07.668,6.69467,6.69942,1.50,1.50
2012.04.22 22:29:14.179,6.69433,6.69907,1.50,1.50
2012.04.22 22:29:49.920,6.69396,6.69884,1.50,1.50
2012.04.22 22:29:49.978,6.69396,6.69872,1.50,1.50
2012.04.22 22:30:31.920,6.69399,6.70096,1.50,1.50
2012.04.22 22:30:32.220,6.69424,6.70199,1.50,1.50
2012.04.22 22:30:32.280,6.69496,6.70199,1.50,1.50
2012.04.22 22:31:23.153,6.69439,6.70085,1.50,1.50
2012.04.22 22:31:23.222,6.69416,6.70085,1.50,1.50
2012.04.22 22:32:23.399,6.69197,6.70233,1.50,1.50
2012.04.22 22:33:13.236,6.69227,6.70203,1.50,1.50
2012.04.22 22:33:22.270,6.69267,6.70223,1.50,1.50
2012.04.22 22:33:22.822,6.6941,6.70117,1.50,1.50
2012.04.22 22:33:23.132,6.69392,6.70065,1.50,1.50
2012.04.22 22:33:23.262,6.69343,6.70016,1.50,1.50
2012.04.22 22:33:42.186,6.69362,6.69983,1.50,1.50
2012.04.22 22:33:42.256,6.69344,6.69944,1.50,1.50
2012.04.22 22:34:43.847,6.69198,6.70083,1.50,1.13
2012.04.22 22:34:57.268,6.69218,6.70063,1.50,1.13
2012.04.22 22:35:01.318,6.69186,6.70113,1.13,1.50
2012.04.22 22:35:23.662,6.69192,6.70102,1.13,1.50
2012.04.22 22:35:23.727,6.69199,6.70102,1.13,1.50
2012.04.22 22:35:23.788,6.69227,6.70095,1.50,1.13
2012.04.22 22:35:24.137,6.69298,6.69999,1.50,1.50
2012.04.22 22:36:11.352,6.69341,6.69971,1.50,1.50
2012.04.22 22:36:11.483,6.69412,6.70011,1.50,1.50
2012.04.22 22:36:11.932,6.69419,6.70011,1.50,1.50
2012.04.22 22:36:12.063,6.69447,6.70059,1.50,1.50
2012.04.22 22:36:23.464,6.69444,6.70059,1.50,1.50
2012.04.22 22:36:23.712,6.69394,6.69986,1.50,1.50
2012.04.22 22:36:23.963,6.69366,6.69985,1.50,1.50
2012.04.22 22:36:24.031,6.69351,6.69949,1.50,1.50
2012.04.22 22:37:24.098,6.69207,6.70105,1.50,1.13
2012.04.22 22:37:24.707,6.69207,6.70105,1.50,1.13
2012.04.22 22:37:44.399,6.69189,6.70123,1.13,1.50
2012.04.22 22:37:45.939,6.69255,6.70085,1.50,1.13
2012.04.22 22:38:02.300,6.69275,6.70072,1.50,1.50
2012.04.22 22:38:02.894,6.693,6.70062,1.50,1.50
2012.04.22 22:39:01.431,6.6928,6.70062,1.50,1.50
2012.04.22 22:40:02.358,6.69228,6.70083,1.50,1.13
2012.04.22 22:40:10.433,6.69188,6.70133,1.13,1.50
2012.04.22 22:40:51.378,6.69188,6.70122,1.13,1.50
2012.04.22 22:41:46.200,6.69188,6.70122,1.13,1.50
2012.04.22 22:43:03.892,6.69176,6.70123,1.13,1.50
2012.04.22 22:43:03.959,6.69218,6.70094,1.50,1.13
2012.04.22 22:43:06.940,6.69228,6.70094,1.50,1.13
2012.04.22 22:43:11.782,6.69237,6.70094,1.50,1.13
2012.04.22 22:43:11.848,6.69227,6.70094,1.50,1.13
2012.04.22 22:43:31.557,6.69227,6.70085,1.50,1.13
2012.04.22 22:43:31.849,6.69218,6.70085,1.50,1.13
2012.04.22 22:43:32.459,6.69228,6.70085,1.50,1.13
2012.04.22 22:43:49.218,6.69218,6.70085,1.50,1.13
2012.04.22 22:44:09.030,6.69257,6.70085,1.50,1.13
2012.04.22 22:44:09.088,6.69257,6.70089,1.50,1.13
2012.04.22 22:44:09.208,6.69267,6.70089,1.50,1.13
2012.04.22 22:44:09.338,6.69296,6.70083,1.50,1.50
2012.04.22 22:44:09.720,6.69343,6.70001,1.50,1.50
2012.04.22 22:44:10.911,6.69343,6.6999,1.50,2.25
2012.04.22 22:44:52.799,6.69377,6.69981,1.50,1.50
2012.04.22 22:45:55.149,6.69268,6.70152,1.50,1.13
2012.04.22 22:46:00.167,6.69288,6.70132,1.50,1.13
2012.04.22 22:46:08.709,6.69277,6.70132,1.50,1.13
2012.04.22 22:46:37.848,6.69258,6.70125,1.50,1.13
2012.04.22 22:46:38.151,6.69333,6.6991,1.50,1.50
2012.04.22 22:47:07.623,6.69353,6.69879,1.50,1.50
2012.04.22 22:47:07.691,6.69387,6.69904,1.50,2.25
2012.04.22 22:47:08.799,6.69422,6.69914,1.50,1.50
2012.04.22 22:47:08.864,6.69458,6.69975,1.50,1.50
2012.04.22 22:47:42.411,6.69492,6.69993,1.50,1.50
2012.04.22 22:48:03.401,6.69457,6.69972,1.50,1.50
2012.04.22 22:48:56.901,6.69457,6.69949,1.50,1.50
2012.04.22 22:48:57.423,6.69457,6.69949,1.50,1.50
2012.04.22 22:48:57.497,6.694,6.69894,1.50,1.50
2012.04.22 22:49:31.398,6.69379,6.69871,1.50,1.50
2012.04.22 22:49:31.524,6.69333,6.69821,1.50,1.50
2012.04.22 22:49:31.652,6.69259,6.69784,1.50,1.50
2012.04.22 22:49:31.843,6.69234,6.69784,1.50,1.50
2012.04.22 22:49:32.381,6.69254,6.69784,1.50,1.50
2012.04.22 22:49:39.723,6.69258,6.69771,1.50,1.50
2012.04.22 22:49:40.032,6.69208,6.69742,1.50,1.50
2012.04.22 22:49:40.093,6.69213,6.69699,1.50,1.50
2012.04.22 22:49:40.402,6.69224,6.6971,1.50,1.50
2012.04.22 22:50:35.071,6.6921,6.69686,1.50,1.50
2012.04.22 22:50:35.399,6.69172,6.6967,1.50,1.50
2012.04.22 22:50:36.053,6.69171,6.69645,1.50,1.50
2012.04.22 22:50:36.121,6.69168,6.69631,1.50,1.50
2012.04.22 22:50:37.025,6.69171,6.6967,1.50,1.50
2012.04.22 22:50:37.095,6.69182,6.6967,1.50,1.50
2012.04.22 22:50:38.874,6.69207,6.69707,1.50,1.50
2012.04.22 22:50:38.943,6.69219,6.69707,1.50,1.50
2012.04.22 22:50:54.532,6.69184,6.69682,1.50,1.50
2012.04.22 22:50:54.602,6.69184,6.69669,1.50,1.50
2012.04.22 22:50:55.332,6.69162,6.69649,1.50,1.50
2012.04.22 22:50:55.991,6.69148,6.69649,1.50,1.50
2012.04.22 22:50:56.053,6.69162,6.69692,1.50,1.50
2012.04.22 22:50:56.122,6.69182,6.69692,1.50,1.50
2012.04.22 22:51:12.553,6.69182,6.69668,1.50,1.50
2012.04.22 22:51:12.683,6.69128,6.69622,1.50,1.50
2012.04.22 22:51:12.872,6.69125,6.69587,1.50,1.50
2012.04.22 22:51:13.443,6.69112,6.69587,1.50,1.50
2012.04.22 22:51:20.104,6.69125,6.69634,1.50,1.50
2012.04.22 22:51:20.231,6.6915,6.69634,1.50,1.50
2012.04.22 22:51:22.672,6.69175,6.69663,1.50,1.50
2012.04.22 22:51:22.778,6.69193,6.69663,1.50,1.50
2012.04.22 22:51:25.926,6.69154,6.69664,1.50,1.50
2012.04.22 22:51:25.993,6.69148,6.6962,1.50,1.50
2012.04.22 22:51:33.555,6.69154,6.69657,1.50,1.50
2012.04.22 22:51:33.623,6.69159,6.69657,1.50,1.50
2012.04.22 22:52:02.162,6.69134,6.69611,1.50,1.50
2012.04.22 22:52:03.293,6.69147,6.69634,1.50,1.50
2012.04.22 22:52:03.573,6.69124,6.69609,1.50,1.50
2012.04.22 22:52:07.971,6.69148,6.69634,1.50,1.50
2012.04.22 22:52:08.034,6.69159,6.69634,1.50,1.50
2012.04.22 22:52:09.604,6.69196,6.69664,1.50,1.50
2012.04.22 22:52:09.676,6.69148,6.69614,1.50,1.50
2012.04.22 22:52:15.113,6.69165,6.69636,1.50,1.50
2012.04.22 22:52:18.027,6.69129,6.69608,1.50,1.50
2012.04.22 22:52:22.222,6.69069,6.6955,1.50,1.50
2012.04.22 22:52:22.533,6.69058,6.6955,1.50,1.50
2012.04.22 22:52:22.602,6.69048,6.69512,1.50,1.50
2012.04.22 22:52:24.769,6.69058,6.69523,1.50,1.50
2012.04.22 22:52:24.834,6.6906,6.69548,1.50,1.50
2012.04.22 22:52:27.009,6.6906,6.69558,1.50,1.50
2012.04.22 22:52:27.073,6.69085,6.69574,1.50,1.50
2012.04.22 22:52:39.536,6.6912,6.69603,1.50,1.50
2012.04.22 22:52:40.276,6.69074,6.69566,1.50,1.50
2012.04.22 22:52:40.786,6.69109,6.69602,1.50,1.50
2012.04.22 22:52:41.915,6.69083,6.69562,1.50,1.50
2012.04.22 22:52:48.833,6.69068,6.69538,1.50,1.50
2012.04.22 22:52:49.024,6.69065,6.69528,1.50,1.50
2012.04.22 22:52:52.426,6.69068,6.69546,1.50,1.50
2012.04.22 22:52:52.495,6.69083,6.69571,1.50,1.50
2012.04.22 22:52:52.955,6.69108,6.69609,1.50,1.50
2012.04.22 22:52:53.022,6.69122,6.69609,1.50,1.50
2012.04.22 22:53:54.226,6.69058,6.69902,1.50,1.50
2012.04.22 22:53:58.849,6.69058,6.69832,1.50,1.13
2012.04.22 22:53:59.161,6.69072,6.69594,1.50,1.50
2012.04.22 22:54:00.042,6.69058,6.6956,1.50,1.50
2012.04.22 22:54:00.781,6.69072,6.69534,1.50,1.50
2012.04.22 22:54:00.843,6.69072,6.69559,1.50,1.50
2012.04.22 22:54:01.032,6.69109,6.69595,1.50,1.50
2012.04.22 22:54:05.063,6.69056,6.69571,1.50,1.50
2012.04.22 22:54:05.134,6.69049,6.69523,1.50,1.50
2012.04.22 22:54:05.203,6.6906,6.69548,1.50,1.50
2012.04.22 22:54:08.234,6.69052,6.69548,1.50,1.50
2012.04.22 22:54:08.305,6.69037,6.69498,1.50,1.50
2012.04.22 22:54:08.663,6.69039,6.6951,1.50,1.50
2012.04.22 22:54:08.733,6.69047,6.69535,1.50,1.50
2012.04.22 22:54:08.983,6.69085,6.69573,1.50,1.50
2012.04.22 22:54:09.235,6.69053,6.69573,1.50,2.25
2012.04.22 22:54:09.303,6.69029,6.69513,1.50,1.50
2012.04.22 22:54:09.373,6.69029,6.69513,1.50,1.50
2012.04.22 22:54:10.284,6.69033,6.69527,1.50,1.50
2012.04.22 22:54:10.354,6.69039,6.69531,1.50,1.50
2012.04.22 22:54:10.543,6.69039,6.69543,1.50,1.50
2012.04.22 22:54:10.613,6.69072,6.69544,1.50,1.50
2012.04.22 22:54:10.794,6.69033,6.69543,1.50,1.50
2012.04.22 22:54:11.103,6.69033,6.69506,1.50,1.50
2012.04.22 22:54:11.172,6.69034,6.69531,1.50,1.50
2012.04.22 22:54:11.592,6.69033,6.69531,1.50,1.50
2012.04.22 22:54:12.277,6.69022,6.69493,1.50,1.50
2012.04.22 22:54:14.103,6.69033,6.69533,1.50,1.50
2012.04.22 22:54:14.173,6.69035,6.69533,1.50,1.50
2012.04.22 22:54:14.303,6.69035,6.69543,1.50,1.50
2012.04.22 22:54:14.373,6.69079,6.69547,1.50,1.50
2012.04.22 22:54:14.444,6.69079,6.6957,1.50,1.50
2012.04.22 22:54:14.517,6.69063,6.6957,1.50,1.50
2012.04.22 22:54:14.582,6.69047,6.69537,1.50,1.50
2012.04.22 22:54:45.193,6.69023,6.69494,1.50,1.50
2012.04.22 22:54:45.703,6.69027,6.69494,1.50,1.50
2012.04.22 22:54:45.833,6.69035,6.69532,1.50,1.50
2012.04.22 22:55:15.965,6.69021,6.69493,1.50,1.50
2012.04.22 22:55:16.584,6.69037,6.69504,1.50,1.50
2012.04.22 22:55:16.653,6.69037,6.69528,1.50,1.50
2012.04.22 22:56:16.924,6.69026,6.69843,1.50,1.13
2012.04.22 22:56:24.600,6.69026,6.69822,1.50,1.50
2012.04.22 22:56:53.411,6.69026,6.69792,1.50,1.50
2012.04.22 22:57:23.606,6.69002,6.69792,1.50,1.50
2012.04.22 22:57:24.099,6.69091,6.6972,1.50,1.50
2012.04.22 22:57:57.280,6.69111,6.69736,1.50,1.50
2012.04.22 22:57:57.582,6.69111,6.69593,1.50,1.50
2012.04.22 22:57:58.022,6.69111,6.69593,1.50,1.50
2012.04.22 22:58:00.742,6.69111,6.69785,1.50,1.50
2012.04.22 22:58:03.899,6.69111,6.69736,1.50,1.50
2012.04.22 22:58:05.431,6.69111,6.69721,1.50,1.50
2012.04.22 22:58:20.220,6.69158,6.69721,1.50,1.50
2012.04.22 22:58:20.280,6.69158,6.69737,1.50,1.50
2012.04.22 22:58:20.890,6.69117,6.69737,1.50,1.50
2012.04.22 22:58:29.922,6.69117,6.6972,1.50,1.50
2012.04.22 22:58:38.070,6.69117,6.69732,1.50,1.50
2012.04.22 22:58:49.481,6.69117,6.69721,1.50,1.50
2012.04.22 22:59:15.942,6.69117,6.69737,1.50,1.50
2012.04.22 22:59:16.323,6.69117,6.69774,1.50,1.50
2012.04.22 22:59:16.441,6.69137,6.69774,1.50,1.50
2012.04.22 22:59:17.191,6.69137,6.69795,1.50,1.50
2012.04.22 22:59:18.344,6.69177,6.69803,1.50,1.50
2012.04.22 22:59:38.092,6.69177,6.69818,1.50,1.50
2012.04.22 22:59:50.362,6.69241,6.69818,1.50,1.50
2012.04.22 22:59:50.422,6.69243,6.69856,1.50,1.50
2012.04.22 22:59:51.022,6.69243,6.69829,1.50,1.50
2012.04.22 22:59:55.874,6.69227,6.69829,1.50,1.50
2012.04.22 22:59:56.003,6.69227,6.69848,1.50,1.50
2012.04.22 22:59:56.451,6.69227,6.69833,1.50,1.50
2012.04.22 22:59:56.512,6.69236,6.69833,1.50,1.50
2012.04.22 22:59:56.871,6.69236,6.69851,1.50,1.50
2012.04.22 22:59:57.384,6.69247,6.69832,1.50,1.50
2012.04.22 22:59:57.451,6.69247,6.69832,1.50,1.50
