2015.02.19 06:00:00.543,8.34043,8.34497,1.75,1.00
2015.02.19 06:00:02.597,8.34053,8.34507,1.00,1.00
2015.02.19 06:00:03.485,8.34043,8.34497,1.75,1.00
2015.02.19 06:00:17.932,8.34043,8.34487,1.75,1.00
2015.02.19 06:00:29.043,8.34053,8.34497,1.00,1.00
2015.02.19 06:00:29.144,8.34063,8.34497,1.00,1.00
2015.02.19 06:00:30.569,8.34053,8.34497,1.50,1.00
2015.02.19 06:00:33.144,8.34063,8.34497,1.00,1.00
2015.02.19 06:00:34.056,8.34063,8.34507,1.50,1.00
2015.02.19 06:00:39.917,8.34034,8.34476,2.25,1.00
2015.02.19 06:00:40.585,8.34023,8.34467,1.75,1.00
2015.02.19 06:00:40.966,8.34023,8.34467,1.00,1.00
2015.02.19 06:00:49.369,8.34013,8.34457,2.25,1.00
2015.02.19 06:00:53.106,8.33993,8.34437,1.75,1.00
2015.02.19 06:00:53.207,8.33973,8.34417,1.75,1.00
2015.02.19 06:00:54.204,8.33983,8.34427,1.75,1.00
2015.02.19 06:01:02.469,8.33993,8.34437,1.75,1.00
2015.02.19 06:01:12.331,8.34003,8.34437,1.00,1.00
2015.02.19 06:01:12.382,8.34003,8.34447,1.50,1.00
2015.02.19 06:01:12.588,8.34013,8.34457,1.00,1.00
2015.02.19 06:01:12.893,8.33973,8.34417,1.87,1.00
2015.02.19 06:01:14.062,8.33983,8.34427,1.00,1.00
2015.02.19 06:01:17.767,8.33994,8.34436,1.00,1.00
2015.02.19 06:01:17.946,8.33983,8.34427,1.50,1.00
2015.02.19 06:01:18.716,8.34003,8.34447,1.00,1.00
2015.02.19 06:01:19.031,8.33983,8.34427,1.00,1.00
2015.02.19 06:01:23.347,8.33973,8.34417,1.87,1.00
2015.02.19 06:01:23.563,8.33983,8.34427,1.00,1.00
2015.02.19 06:01:25.864,8.33973,8.34417,1.87,1.00
2015.02.19 06:01:37.601,8.33983,8.34417,1.00,1.00
2015.02.19 06:01:37.651,8.33983,8.34427,1.00,1.00
2015.02.19 06:01:41.910,8.33974,8.34427,1.37,1.00
2015.02.19 06:01:42.113,8.33983,8.34427,1.00,1.00
2015.02.19 06:01:43.157,8.33993,8.34437,1.75,1.00
2015.02.19 06:01:43.359,8.34013,8.34457,1.00,1.00
2015.02.19 06:01:43.612,8.33993,8.34437,2.25,1.00
2015.02.19 06:01:43.927,8.34003,8.34447,1.50,1.00
2015.02.19 06:01:44.822,8.34013,8.34457,1.00,1.00
2015.02.19 06:01:45.158,8.34003,8.34447,1.50,1.00
2015.02.19 06:01:45.496,8.34013,8.34457,1.50,1.00
2015.02.19 06:01:45.818,8.34004,8.34447,1.00,1.00
2015.02.19 06:01:47.087,8.34003,8.34447,1.00,1.00
2015.02.19 06:01:48.253,8.33993,8.34447,2.25,1.00
2015.02.19 06:01:48.794,8.34003,8.34447,1.50,1.00
2015.02.19 06:01:50.623,8.34003,8.34437,1.00,1.00
2015.02.19 06:01:51.125,8.33983,8.34437,2.25,1.00
2015.02.19 06:01:51.535,8.33973,8.34427,2.25,1.00
2015.02.19 06:01:51.825,8.33983,8.34437,1.75,1.00
2015.02.19 06:01:53.020,8.34003,8.34447,1.50,1.00
2015.02.19 06:01:53.389,8.33984,8.34437,1.75,1.00
2015.02.19 06:01:54.243,8.33993,8.34447,1.75,1.00
2015.02.19 06:01:55.921,8.34004,8.34446,1.00,1.00
2015.02.19 06:01:57.459,8.33994,8.34446,1.75,1.00
2015.02.19 06:02:01.617,8.33983,8.34437,2.25,1.00
2015.02.19 06:02:02.098,8.33973,8.34417,1.75,1.00
2015.02.19 06:02:09.434,8.34003,8.34447,1.00,1.00
2015.02.19 06:02:09.695,8.33973,8.34417,2.25,1.00
2015.02.19 06:02:16.325,8.33973,8.34417,1.50,1.00
2015.02.19 06:02:19.894,8.33973,8.34427,2.25,1.00
2015.02.19 06:02:21.136,8.33973,8.34427,1.50,1.00
2015.02.19 06:02:21.238,8.33954,8.34396,1.00,1.00
2015.02.19 06:02:21.683,8.33943,8.34387,1.37,1.00
2015.02.19 06:02:22.151,8.33933,8.34377,1.75,1.00
2015.02.19 06:02:25.560,8.33933,8.34377,1.37,1.00
2015.02.19 06:02:25.662,8.33924,8.34366,1.75,1.00
2015.02.19 06:02:25.763,8.33924,8.34366,1.00,1.00
2015.02.19 06:02:25.864,8.33893,8.34337,1.75,1.00
2015.02.19 06:02:26.206,8.33883,8.34327,1.75,1.00
2015.02.19 06:02:26.979,8.33893,8.34337,1.75,1.00
2015.02.19 06:02:31.568,8.33903,8.34347,1.75,1.00
2015.02.19 06:02:34.105,8.33893,8.34337,1.75,1.00
2015.02.19 06:02:44.453,8.33904,8.34346,1.75,1.00
2015.02.19 06:02:45.653,8.33913,8.34357,1.00,1.00
2015.02.19 06:02:50.299,8.33923,8.34367,1.00,1.00
2015.02.19 06:02:51.040,8.33913,8.34376,1.00,1.00
2015.02.19 06:02:51.142,8.33924,8.34376,1.00,1.00
2015.02.19 06:02:51.530,8.33954,8.34376,1.75,1.00
2015.02.19 06:02:51.709,8.33963,8.34387,1.75,1.00
2015.02.19 06:02:51.760,8.33963,8.34387,1.75,1.00
2015.02.19 06:02:51.861,8.33976,8.34397,1.75,1.00
2015.02.19 06:02:52.034,8.33976,8.34367,1.75,1.00
2015.02.19 06:02:53.163,8.33983,8.34377,1.75,1.00
2015.02.19 06:02:53.265,8.33983,8.34387,1.75,1.00
2015.02.19 06:02:53.467,8.33993,8.34377,1.75,1.00
2015.02.19 06:02:53.843,8.34003,8.34377,1.00,1.00
2015.02.19 06:02:55.611,8.34013,8.34377,1.00,1.00
2015.02.19 06:03:08.984,8.34033,8.34387,1.00,1.00
2015.02.19 06:03:09.334,8.34043,8.34396,1.00,1.00
2015.02.19 06:03:10.505,8.34043,8.34407,1.00,1.00
2015.02.19 06:03:14.466,8.34053,8.34407,1.00,1.00
2015.02.19 06:03:14.583,8.34053,8.34417,1.00,1.00
2015.02.19 06:03:14.685,8.34073,8.34417,1.00,1.00
2015.02.19 06:03:14.735,8.34073,8.34447,1.00,1.00
2015.02.19 06:03:14.786,8.34093,8.34447,1.00,1.00
2015.02.19 06:03:14.837,8.34093,8.34457,1.00,1.00
2015.02.19 06:03:14.888,8.34103,8.34457,1.00,1.00
2015.02.19 06:03:15.039,8.34083,8.34457,1.00,1.00
2015.02.19 06:03:15.177,8.34083,8.34447,1.00,1.00
2015.02.19 06:03:15.228,8.34053,8.34447,1.12,1.00
2015.02.19 06:03:15.279,8.34053,8.34427,1.12,1.00
2015.02.19 06:03:15.644,8.34064,8.34427,1.00,1.00
2015.02.19 06:03:16.116,8.34064,8.34417,1.00,1.00
2015.02.19 06:03:16.742,8.34063,8.34417,1.00,1.00
2015.02.19 06:03:19.563,8.34063,8.34437,1.00,1.00
2015.02.19 06:03:19.613,8.34073,8.34437,1.00,1.00
2015.02.19 06:03:19.989,8.34093,8.34437,1.00,1.00
2015.02.19 06:03:20.303,8.34093,8.34447,1.00,1.00
2015.02.19 06:03:21.453,8.34084,8.34447,1.00,1.00
2015.02.19 06:03:22.105,8.34083,8.34446,1.00,1.00
2015.02.19 06:03:22.239,8.34073,8.34446,1.00,1.00
2015.02.19 06:03:23.725,8.34073,8.34447,1.00,1.00
2015.02.19 06:03:23.780,8.34083,8.34447,1.00,1.00
2015.02.19 06:03:24.502,8.34093,8.34447,1.00,1.00
2015.02.19 06:03:25.033,8.34093,8.34456,1.00,1.00
2015.02.19 06:03:29.641,8.34073,8.34456,1.00,1.00
2015.02.19 06:03:29.692,8.34073,8.34437,1.00,1.00
2015.02.19 06:03:36.799,8.34073,8.34447,1.37,1.00
2015.02.19 06:03:36.850,8.34073,8.34437,1.37,1.00
2015.02.19 06:03:37.581,8.34073,8.34447,1.37,1.00
2015.02.19 06:03:39.003,8.34073,8.34437,1.37,1.00
2015.02.19 06:03:40.526,8.34063,8.34437,1.00,1.00
2015.02.19 06:03:40.692,8.34043,8.34427,1.75,1.00
2015.02.19 06:03:40.801,8.34043,8.34417,1.75,1.00
2015.02.19 06:03:41.411,8.34053,8.34417,1.00,1.00
2015.02.19 06:03:44.051,8.34043,8.34417,1.75,1.00
2015.02.19 06:03:44.203,8.34043,8.34407,1.75,1.00
2015.02.19 06:03:49.726,8.34033,8.34407,1.00,1.00
2015.02.19 06:03:50.766,8.34043,8.34407,1.00,1.00
2015.02.19 06:03:51.101,8.34064,8.34416,1.00,1.00
2015.02.19 06:03:58.080,8.33953,8.34437,2.25,1.00
2015.02.19 06:03:58.131,8.33953,8.34437,1.75,1.00
2015.02.19 06:03:58.182,8.33944,8.34426,1.75,1.00
2015.02.19 06:04:22.781,8.33943,8.34416,1.75,1.00
2015.02.19 06:04:59.722,8.33934,8.34416,1.75,1.00
2015.02.19 06:05:02.322,8.33933,8.34377,2.25,1.00
2015.02.19 06:05:10.135,8.33943,8.34387,1.50,1.00
2015.02.19 06:05:11.720,8.33933,8.34377,2.25,1.00
2015.02.19 06:05:14.204,8.33943,8.34387,1.50,1.00
2015.02.19 06:05:16.183,8.33923,8.34367,2.25,1.00
2015.02.19 06:05:18.418,8.33933,8.34377,1.75,1.00
2015.02.19 06:05:21.508,8.33943,8.34387,1.50,1.00
2015.02.19 06:05:24.912,8.33933,8.34377,2.25,1.00
2015.02.19 06:05:26.304,8.33924,8.34366,1.75,1.00
2015.02.19 06:05:31.590,8.3394,8.34407,1.75,1.00
2015.02.19 06:05:31.641,8.3394,8.34407,1.75,1.00
2015.02.19 06:05:34.404,8.34013,8.34407,1.00,1.00
2015.02.19 06:05:35.408,8.34023,8.34407,1.00,1.00
2015.02.19 06:05:39.425,8.34043,8.34407,1.00,1.00
2015.02.19 06:05:50.971,8.34043,8.34427,1.00,1.00
2015.02.19 06:05:55.998,8.34033,8.34427,1.00,1.00
2015.02.19 06:05:56.152,8.34023,8.34417,1.00,1.00
2015.02.19 06:05:56.455,8.33993,8.34367,1.00,1.00
2015.02.19 06:05:56.769,8.34003,8.34367,1.00,1.00
2015.02.19 06:05:56.921,8.34013,8.34387,1.00,1.00
2015.02.19 06:05:58.838,8.34013,8.34377,1.00,1.00
2015.02.19 06:05:58.890,8.34014,8.34387,1.00,1.00
2015.02.19 06:06:00.264,8.34003,8.34387,1.00,1.00
2015.02.19 06:06:00.314,8.34003,8.34377,1.00,1.00
2015.02.19 06:06:00.658,8.34013,8.34387,1.00,1.00
2015.02.19 06:06:02.062,8.34013,8.34377,1.00,1.00
2015.02.19 06:06:02.469,8.34024,8.34377,1.00,1.00
2015.02.19 06:06:02.520,8.34024,8.34397,1.00,1.00
2015.02.19 06:06:03.721,8.34013,8.34397,1.00,1.00
2015.02.19 06:06:03.988,8.34003,8.34397,1.00,1.00
2015.02.19 06:06:04.039,8.34003,8.34387,1.00,1.00
2015.02.19 06:06:07.230,8.34023,8.34397,1.00,1.00
2015.02.19 06:06:07.993,8.34023,8.34387,1.00,1.00
2015.02.19 06:06:08.043,8.34003,8.34387,1.00,1.00
2015.02.19 06:06:14.538,8.34013,8.34387,1.00,1.00
2015.02.19 06:06:14.640,8.34013,8.34397,1.00,1.00
2015.02.19 06:06:16.027,8.34013,8.34387,1.00,1.00
2015.02.19 06:06:16.078,8.34003,8.34387,1.00,1.00
2015.02.19 06:06:30.502,8.34013,8.34387,1.00,1.00
2015.02.19 06:06:30.552,8.34013,8.34397,1.00,1.00
2015.02.19 06:06:31.992,8.34003,8.34397,1.00,1.00
2015.02.19 06:06:32.760,8.34033,8.34387,1.00,1.00
2015.02.19 06:06:37.387,8.34024,8.34376,1.00,1.00
2015.02.19 06:06:37.719,8.34013,8.34367,1.00,1.00
2015.02.19 06:06:38.376,8.34024,8.34376,1.00,1.00
2015.02.19 06:06:39.451,8.34033,8.34387,1.00,1.00
2015.02.19 06:06:45.700,8.34086,8.34447,1.00,1.00
2015.02.19 06:06:45.837,8.34093,8.34517,1.00,1.75
2015.02.19 06:06:46.048,8.34103,8.34516,1.00,1.75
2015.02.19 06:06:47.038,8.34093,8.34467,1.00,1.00
2015.02.19 06:06:54.961,8.34083,8.34457,1.00,1.00
2015.02.19 06:06:55.404,8.34123,8.34497,1.00,1.00
2015.02.19 06:06:55.784,8.34143,8.34517,1.00,1.00
2015.02.19 06:06:56.107,8.34123,8.34497,1.00,1.00
2015.02.19 06:06:56.454,8.34133,8.34507,1.00,1.00
2015.02.19 06:06:58.710,8.34143,8.34517,1.00,1.00
2015.02.19 06:06:59.039,8.34133,8.34507,1.00,1.00
2015.02.19 06:07:09.521,8.34143,8.34517,1.00,1.00
2015.02.19 06:07:11.789,8.34153,8.34527,1.00,1.00
2015.02.19 06:07:20.850,8.34143,8.34517,1.00,1.00
2015.02.19 06:07:26.906,8.34153,8.34527,1.00,1.00
2015.02.19 06:07:27.228,8.34163,8.34537,1.00,1.00
2015.02.19 06:07:29.356,8.34173,8.34547,1.00,1.00
2015.02.19 06:07:29.658,8.34183,8.34557,1.00,1.00
2015.02.19 06:07:30.013,8.34173,8.34547,1.00,1.00
2015.02.19 06:07:38.259,8.34163,8.34537,1.00,1.00
2015.02.19 06:07:42.896,8.34183,8.34557,1.00,1.00
2015.02.19 06:07:43.246,8.34163,8.34537,1.00,1.00
2015.02.19 06:07:43.760,8.34153,8.34527,1.00,1.00
2015.02.19 06:07:46.484,8.34143,8.34517,1.00,1.00
2015.02.19 06:07:47.174,8.34133,8.34487,1.00,1.00
2015.02.19 06:07:48.790,8.34143,8.34497,1.00,1.00
2015.02.19 06:07:50.780,8.34153,8.34507,1.00,1.00
2015.02.19 06:07:51.683,8.34143,8.34497,1.00,1.00
2015.02.19 06:07:55.439,8.34153,8.34507,1.00,1.00
2015.02.19 06:07:55.966,8.34163,8.34517,1.00,1.00
2015.02.19 06:07:58.469,8.34153,8.34507,1.00,1.00
2015.02.19 06:08:02.697,8.34163,8.34517,1.00,1.00
2015.02.19 06:08:03.991,8.34153,8.34507,1.00,1.00
2015.02.19 06:08:04.318,8.34163,8.34517,1.00,1.00
2015.02.19 06:08:04.678,8.34174,8.34526,1.00,1.00
2015.02.19 06:08:09.689,8.34163,8.34517,1.00,1.00
2015.02.19 06:08:12.911,8.34173,8.34527,1.00,1.00
2015.02.19 06:08:13.215,8.34183,8.34537,1.00,1.00
2015.02.19 06:08:13.519,8.34153,8.34507,1.00,1.00
2015.02.19 06:08:13.894,8.34143,8.34497,1.00,1.00
2015.02.19 06:08:34.411,8.34154,8.34506,1.00,1.00
2015.02.19 06:08:34.659,8.34143,8.34497,1.00,1.00
2015.02.19 06:08:36.785,8.34153,8.34507,1.00,1.00
2015.02.19 06:08:37.347,8.34163,8.34517,1.00,1.00
2015.02.19 06:08:52.628,8.34173,8.34527,1.00,1.00
2015.02.19 06:09:06.559,8.34163,8.34517,1.00,1.00
2015.02.19 06:09:13.607,8.34153,8.34507,1.00,1.00
2015.02.19 06:09:23.548,8.34163,8.34517,1.00,1.00
2015.02.19 06:09:23.857,8.34153,8.34507,1.00,1.00
2015.02.19 06:09:25.755,8.34123,8.34507,1.00,1.00
2015.02.19 06:09:26.185,8.34133,8.34517,1.00,1.00
2015.02.19 06:09:32.164,8.34143,8.34517,1.00,1.00
2015.02.19 06:09:35.883,8.34133,8.34517,1.50,1.00
2015.02.19 06:09:35.985,8.34143,8.34517,1.00,1.00
2015.02.19 06:09:39.899,8.34143,8.34507,1.00,1.00
2015.02.19 06:09:39.949,8.34133,8.34507,1.00,1.00
2015.02.19 06:09:40.214,8.34123,8.34507,1.50,1.00
2015.02.19 06:09:40.430,8.34133,8.34507,1.00,1.00
2015.02.19 06:09:41.095,8.34133,8.34517,1.50,1.00
2015.02.19 06:09:42.127,8.34143,8.34517,1.00,1.00
2015.02.19 06:09:42.935,8.34133,8.34517,1.50,1.00
2015.02.19 06:09:43.348,8.34144,8.34517,1.00,1.00
2015.02.19 06:09:49.277,8.34133,8.34517,1.50,1.00
2015.02.19 06:09:52.133,8.34134,8.34517,1.00,1.00
2015.02.19 06:09:53.209,8.34143,8.34517,1.00,1.00
2015.02.19 06:09:53.314,8.34133,8.34517,1.00,1.00
2015.02.19 06:09:53.365,8.34123,8.34507,1.50,1.00
2015.02.19 06:10:02.590,8.34133,8.34507,1.00,1.00
2015.02.19 06:10:04.100,8.34143,8.34507,1.00,1.00
2015.02.19 06:10:05.132,8.34144,8.34507,1.00,1.00
2015.02.19 06:10:07.164,8.34143,8.34507,1.00,1.00
2015.02.19 06:10:12.352,8.34144,8.34507,1.00,1.00
2015.02.19 06:10:12.769,8.34153,8.34507,1.00,1.00
2015.02.19 06:10:12.963,8.34153,8.34527,1.00,1.00
2015.02.19 06:10:13.398,8.34143,8.34507,1.00,1.00
2015.02.19 06:10:14.495,8.34133,8.34507,1.00,1.00
2015.02.19 06:10:22.097,8.34123,8.34507,1.50,1.00
2015.02.19 06:10:23.311,8.34133,8.34507,1.00,1.00
2015.02.19 06:10:32.187,8.34144,8.34507,1.00,1.00
2015.02.19 06:10:34.052,8.34153,8.34537,1.00,1.00
2015.02.19 06:10:42.697,8.34163,8.34547,1.00,1.00
2015.02.19 06:10:51.131,8.34173,8.34557,1.00,1.00
2015.02.19 06:10:53.994,8.34174,8.34557,1.00,1.00
2015.02.19 06:10:54.072,8.34183,8.34567,1.00,1.00
2015.02.19 06:10:55.470,8.34184,8.34566,1.00,1.00
2015.02.19 06:11:06.866,8.34183,8.34567,1.50,1.00
2015.02.19 06:11:11.245,8.34173,8.34557,1.00,1.00
2015.02.19 06:11:11.893,8.34163,8.34547,1.50,1.00
2015.02.19 06:11:17.502,8.34153,8.34537,1.50,1.00
2015.02.19 06:11:17.911,8.34163,8.34547,1.50,1.00
2015.02.19 06:11:18.241,8.34173,8.34557,1.00,1.00
2015.02.19 06:11:19.275,8.34183,8.34567,1.00,1.00
2015.02.19 06:11:37.631,8.34173,8.34527,1.50,1.00
2015.02.19 06:11:38.004,8.34183,8.34527,1.00,1.00
2015.02.19 06:11:43.352,8.34183,8.34537,1.50,1.00
2015.02.19 06:11:45.448,8.34183,8.34527,1.00,1.00
2015.02.19 06:11:50.411,8.34203,8.34527,1.00,1.00
2015.02.19 06:11:50.512,8.34203,8.34547,1.00,1.00
2015.02.19 06:11:50.563,8.34223,8.34547,1.00,1.00
2015.02.19 06:11:50.665,8.34233,8.34567,1.00,1.00
2015.02.19 06:11:50.934,8.34214,8.34567,1.00,1.00
2015.02.19 06:11:50.985,8.34214,8.34557,1.00,1.00
2015.02.19 06:11:51.163,8.34214,8.34567,1.00,1.00
2015.02.19 06:11:51.242,8.34233,8.34567,1.00,1.00
2015.02.19 06:11:51.741,8.34233,8.34577,1.00,1.00
2015.02.19 06:11:51.856,8.34243,8.34577,1.00,1.00
2015.02.19 06:11:54.385,8.34233,8.34577,1.00,1.00
2015.02.19 06:11:56.812,8.34243,8.34597,1.00,1.00
2015.02.19 06:11:57.324,8.34233,8.34587,1.50,1.00
2015.02.19 06:11:58.202,8.34233,8.34577,1.00,1.00
2015.02.19 06:11:58.472,8.34223,8.34577,1.50,1.00
2015.02.19 06:12:00.107,8.34233,8.34577,1.00,1.00
2015.02.19 06:12:01.610,8.34233,8.34587,1.50,1.00
2015.02.19 06:12:02.834,8.34233,8.34577,1.00,1.00
2015.02.19 06:12:10.650,8.34233,8.34587,1.50,1.00
2015.02.19 06:12:13.161,8.34233,8.34577,1.00,1.00
2015.02.19 06:12:23.409,8.34233,8.34567,1.00,1.00
2015.02.19 06:12:23.689,8.34223,8.34567,1.00,1.00
2015.02.19 06:12:25.966,8.34234,8.34567,1.00,1.00
2015.02.19 06:12:26.294,8.34234,8.34576,1.00,1.00
2015.02.19 06:12:26.345,8.34243,8.34576,1.00,1.00
2015.02.19 06:12:26.623,8.34233,8.34576,1.00,1.00
2015.02.19 06:12:27.576,8.34233,8.34587,1.50,1.00
2015.02.19 06:12:28.781,8.34223,8.34577,1.50,1.00
2015.02.19 06:12:34.178,8.34233,8.34587,1.00,1.00
2015.02.19 06:12:36.703,8.34234,8.34587,1.00,1.00
2015.02.19 06:12:44.030,8.34233,8.34587,1.00,1.00
2015.02.19 06:12:46.752,8.34234,8.34587,1.00,1.00
2015.02.19 06:12:47.321,8.34234,8.34577,1.00,1.00
2015.02.19 06:12:47.932,8.34233,8.34577,1.00,1.00
2015.02.19 06:12:57.312,8.34233,8.34587,1.50,1.00
2015.02.19 06:12:57.363,8.34243,8.34587,1.00,1.00
2015.02.19 06:12:57.636,8.34233,8.34587,1.50,1.00
2015.02.19 06:12:57.847,8.34243,8.34587,1.00,1.00
2015.02.19 06:12:57.898,8.34243,8.34597,1.50,1.00
2015.02.19 06:12:59.531,8.34243,8.34587,1.00,1.00
2015.02.19 06:12:59.591,8.34234,8.34587,1.00,1.00
2015.02.19 06:12:59.951,8.34234,8.34577,1.00,1.00
2015.02.19 06:13:04.824,8.34223,8.34577,1.00,1.00
2015.02.19 06:13:17.537,8.34253,8.34597,1.00,1.00
2015.02.19 06:13:17.789,8.34263,8.34617,1.50,1.00
2015.02.19 06:13:17.991,8.34253,8.34607,1.50,1.00
2015.02.19 06:13:30.314,8.34243,8.34597,1.50,1.00
2015.02.19 06:13:34.491,8.34253,8.34607,1.00,1.00
2015.02.19 06:13:39.796,8.34263,8.34617,1.00,1.00
2015.02.19 06:13:40.405,8.34264,8.34617,1.00,1.00
2015.02.19 06:13:49.443,8.34263,8.34617,1.50,1.00
2015.02.19 06:13:50.440,8.34253,8.34607,1.50,1.00
2015.02.19 06:14:04.300,8.34263,8.34617,1.00,1.00
2015.02.19 06:14:04.810,8.34263,8.34606,1.00,1.00
2015.02.19 06:14:38.621,8.34263,8.34597,1.00,1.00
2015.02.19 06:14:38.672,8.34254,8.34597,1.00,1.00
2015.02.19 06:14:38.949,8.34254,8.34606,1.00,1.00
2015.02.19 06:14:39.145,8.34263,8.34606,1.00,1.00
2015.02.19 06:14:41.400,8.34263,8.34617,1.50,1.00
2015.02.19 06:14:49.179,8.34273,8.34627,1.00,1.00
2015.02.19 06:14:51.400,8.34263,8.34617,1.50,1.00
2015.02.19 06:14:52.808,8.34273,8.34627,1.00,1.00
2015.02.19 06:14:53.287,8.34284,8.34637,1.00,1.00
2015.02.19 06:14:53.593,8.34293,8.34637,1.00,1.00
2015.02.19 06:14:55.665,8.34283,8.34637,1.50,1.00
2015.02.19 06:15:13.813,8.34293,8.34637,1.00,1.00
2015.02.19 06:15:21.329,8.34284,8.34637,1.00,1.00
2015.02.19 06:15:21.939,8.34283,8.34637,1.50,1.00
2015.02.19 06:15:27.658,8.34293,8.34637,1.00,1.00
2015.02.19 06:15:27.709,8.34293,8.34647,1.50,1.00
2015.02.19 06:16:00.594,8.34304,8.34656,1.00,1.00
2015.02.19 06:16:02.981,8.34303,8.34657,1.00,1.00
2015.02.19 06:16:09.931,8.34313,8.34667,1.00,1.00
2015.02.19 06:16:20.553,8.34314,8.34666,1.00,1.00
2015.02.19 06:16:23.640,8.34343,8.34697,1.00,1.00
2015.02.19 06:16:25.430,8.34333,8.34687,1.00,1.00
2015.02.19 06:16:44.311,8.34323,8.34677,1.50,1.00
2015.02.19 06:16:54.141,8.34303,8.34657,1.00,1.00
2015.02.19 06:16:54.450,8.34273,8.34627,1.50,1.00
2015.02.19 06:16:54.754,8.34263,8.34607,1.00,1.00
2015.02.19 06:16:55.856,8.34263,8.34577,1.00,1.00
2015.02.19 06:16:55.907,8.34234,8.34577,1.00,1.00
2015.02.19 06:16:56.612,8.34233,8.34577,1.00,1.00
2015.02.19 06:16:59.940,8.34223,8.34577,1.50,1.00
2015.02.19 06:17:04.271,8.34348,8.34697,1.75,1.00
2015.02.19 06:17:05.129,8.3437,8.34747,1.75,1.00
2015.02.19 06:17:05.180,8.3437,8.34747,1.75,1.00
2015.02.19 06:17:05.541,8.34383,8.34757,1.75,1.00
2015.02.19 06:17:11.589,8.3434,8.34757,1.75,1.00
2015.02.19 06:17:11.690,8.3434,8.34757,1.00,1.00
2015.02.19 06:17:11.842,8.34313,8.34757,1.69,1.00
2015.02.19 06:17:12.038,8.34283,8.34757,1.75,1.00
2015.02.19 06:17:12.819,8.34274,8.34767,1.75,1.00
2015.02.19 06:17:13.128,8.34283,8.34787,1.75,1.00
2015.02.19 06:17:18.959,8.34274,8.34777,1.75,1.00
2015.02.19 06:17:22.147,8.34274,8.34777,1.75,1.00
2015.02.19 06:17:22.198,8.34283,8.34787,1.75,1.00
2015.02.19 06:17:22.402,8.34303,8.34807,1.75,1.00
2015.02.19 06:17:22.503,8.34313,8.34817,1.37,1.00
2015.02.19 06:17:22.605,8.34313,8.34827,1.37,1.00
2015.02.19 06:17:22.706,8.34324,8.34836,1.00,1.00
2015.02.19 06:17:23.397,8.34323,8.34837,1.00,1.00
2015.02.19 06:17:23.629,8.34304,8.34886,1.75,1.75
2015.02.19 06:17:24.941,8.34294,8.34867,1.50,1.75
2015.02.19 06:17:43.618,8.34303,8.34887,1.00,3.19
2015.02.19 06:17:43.820,8.34313,8.34877,1.00,1.75
2015.02.19 06:17:44.182,8.34297,8.34857,1.50,1.00
2015.02.19 06:17:45.137,8.34303,8.34867,1.00,1.75
2015.02.19 06:17:48.884,8.34304,8.34866,1.00,1.75
2015.02.19 06:17:49.036,8.34324,8.34886,1.00,1.75
2015.02.19 06:17:49.107,8.34324,8.34886,1.00,1.00
2015.02.19 06:17:49.651,8.34323,8.34887,1.00,2.44
2015.02.19 06:17:50.512,8.34323,8.34887,1.00,1.75
2015.02.19 06:17:52.416,8.34323,8.34887,1.00,1.00
2015.02.19 06:17:53.934,8.34323,8.34887,1.00,1.37
2015.02.19 06:17:55.258,8.34334,8.34896,1.00,1.75
2015.02.19 06:17:56.090,8.34334,8.34896,1.75,1.37
2015.02.19 06:17:56.403,8.34363,8.34927,1.00,1.75
2015.02.19 06:17:56.806,8.34353,8.34897,1.00,1.75
2015.02.19 06:17:57.131,8.34373,8.34917,1.00,1.75
2015.02.19 06:17:57.391,8.34363,8.34897,1.00,1.75
2015.02.19 06:17:57.788,8.34373,8.34907,1.00,1.75
2015.02.19 06:17:58.706,8.34363,8.34897,1.00,1.75
2015.02.19 06:17:59.660,8.34373,8.34907,1.00,1.75
2015.02.19 06:18:02.428,8.34383,8.34917,1.00,1.75
2015.02.19 06:18:04.609,8.34373,8.34907,1.00,1.75
2015.02.19 06:18:05.210,8.34363,8.34867,1.00,1.00
2015.02.19 06:18:05.404,8.34363,8.34877,1.00,1.75
2015.02.19 06:18:52.205,8.34373,8.34887,1.00,1.75
2015.02.19 06:18:52.358,8.34343,8.34927,1.37,1.75
2015.02.19 06:18:52.459,8.34343,8.34927,1.00,1.75
2015.02.19 06:18:52.611,8.34363,8.34947,1.00,1.75
2015.02.19 06:18:52.662,8.34363,8.34947,1.00,1.75
2015.02.19 06:18:52.763,8.34363,8.34947,1.00,1.75
2015.02.19 06:18:52.966,8.34373,8.34947,1.00,1.75
2015.02.19 06:18:53.068,8.34373,8.34947,1.00,1.75
2015.02.19 06:18:53.119,8.34363,8.34937,1.00,1.75
2015.02.19 06:18:53.236,8.34363,8.34937,1.00,1.75
2015.02.19 06:18:53.565,8.34353,8.34917,1.50,1.75
2015.02.19 06:18:53.947,8.34343,8.34897,1.00,1.75
2015.02.19 06:18:54.346,8.34333,8.34877,2.44,1.00
2015.02.19 06:18:54.555,8.34363,8.34907,1.00,1.75
2015.02.19 06:19:07.657,8.34356,8.34877,1.12,1.75
2015.02.19 06:19:07.994,8.34363,8.34887,1.00,1.75
2015.02.19 06:19:08.315,8.34374,8.34946,1.00,1.75
2015.02.19 06:19:08.644,8.34383,8.34947,1.00,1.75
2015.02.19 06:19:09.305,8.34378,8.34937,1.00,1.75
2015.02.19 06:19:23.165,8.34378,8.34937,1.00,1.75
2015.02.19 06:19:36.793,8.34385,8.34937,1.00,1.75
2015.02.19 06:19:36.894,8.34385,8.34947,1.00,1.75
2015.02.19 06:19:37.007,8.344,8.34947,1.00,1.75
2015.02.19 06:19:37.209,8.34407,8.34957,1.00,1.00
2015.02.19 06:19:37.383,8.34413,8.34957,1.00,1.00
2015.02.19 06:19:38.603,8.34423,8.34967,1.00,1.00
2015.02.19 06:19:48.591,8.34413,8.34957,1.00,1.00
2015.02.19 06:19:54.135,8.34414,8.34957,1.00,1.00
2015.02.19 06:20:04.119,8.34373,8.34792,1.00,1.00
2015.02.19 06:20:09.032,8.34373,8.34787,1.00,1.00
2015.02.19 06:20:10.425,8.34373,8.34777,1.00,1.00
2015.02.19 06:20:14.089,8.34383,8.34777,1.00,1.00
2015.02.19 06:20:14.190,8.34383,8.34792,1.00,1.00
2015.02.19 06:20:15.151,8.34383,8.34777,1.00,1.00
2015.02.19 06:20:15.765,8.34373,8.34777,1.00,1.00
2015.02.19 06:20:16.871,8.34384,8.34777,1.00,1.00
2015.02.19 06:20:17.956,8.34373,8.34777,1.00,1.00
2015.02.19 06:20:18.527,8.34383,8.34777,1.00,1.00
2015.02.19 06:20:19.990,8.34383,8.34767,1.00,1.00
2015.02.19 06:20:20.041,8.34373,8.34767,1.00,1.00
2015.02.19 06:20:30.707,8.34383,8.34767,1.00,1.00
2015.02.19 06:20:30.758,8.34383,8.34777,1.00,1.00
2015.02.19 06:20:32.252,8.34373,8.34777,1.00,1.00
2015.02.19 06:20:32.353,8.34373,8.34767,1.00,1.00
2015.02.19 06:20:32.551,8.34373,8.34777,1.00,1.00
2015.02.19 06:20:32.602,8.34373,8.34777,1.37,1.00
2015.02.19 06:20:32.652,8.34413,8.34827,1.00,1.00
2015.02.19 06:20:32.703,8.34443,8.34827,1.00,1.00
2015.02.19 06:20:32.805,8.34443,8.34847,1.00,1.50
2015.02.19 06:20:32.907,8.34463,8.34847,1.00,1.50
2015.02.19 06:20:33.008,8.34473,8.34887,1.00,1.00
2015.02.19 06:20:33.110,8.34483,8.34889,1.00,1.00
2015.02.19 06:20:33.313,8.34513,8.34927,1.50,1.00
2015.02.19 06:20:34.368,8.34513,8.34917,1.00,1.00
2015.02.19 06:20:34.540,8.34514,8.34927,1.00,1.00
2015.02.19 06:20:34.827,8.34514,8.34917,1.00,1.00
2015.02.19 06:20:34.878,8.34503,8.34917,1.50,1.00
2015.02.19 06:20:37.051,8.34503,8.34907,1.00,1.00
2015.02.19 06:20:37.377,8.34503,8.34917,1.00,1.00
2015.02.19 06:20:38.372,8.34503,8.34907,1.00,1.00
2015.02.19 06:20:39.003,8.34503,8.34927,1.50,1.00
2015.02.19 06:20:39.059,8.34523,8.34927,1.00,1.00
2015.02.19 06:20:39.409,8.34533,8.34927,1.00,1.00
2015.02.19 06:20:39.615,8.34523,8.34927,1.00,1.00
2015.02.19 06:20:44.039,8.34533,8.34927,1.00,1.00
2015.02.19 06:20:45.085,8.34533,8.34917,1.00,1.00
2015.02.19 06:20:46.090,8.34533,8.34927,1.00,1.00
2015.02.19 06:20:55.471,8.34533,8.34917,1.00,1.00
2015.02.19 06:21:00.656,8.34533,8.34887,1.00,1.00
2015.02.19 06:21:04.396,8.34523,8.34877,1.00,1.00
2015.02.19 06:21:09.756,8.34513,8.34867,1.00,1.00
2015.02.19 06:21:10.060,8.34503,8.34857,1.00,1.00
2015.02.19 06:21:10.520,8.34493,8.34847,1.50,1.00
2015.02.19 06:21:11.001,8.34474,8.34826,1.00,1.00
2015.02.19 06:21:11.115,8.34463,8.34817,1.00,1.00
2015.02.19 06:21:11.517,8.34443,8.34797,1.00,1.00
2015.02.19 06:21:11.821,8.34393,8.34747,1.00,1.00
2015.02.19 06:21:31.515,8.34403,8.34747,1.00,1.00
2015.02.19 06:21:31.779,8.34433,8.34787,1.00,1.00
2015.02.19 06:21:31.985,8.34443,8.34797,1.00,1.00
2015.02.19 06:21:34.495,8.34453,8.34807,1.00,1.00
2015.02.19 06:21:34.801,8.34503,8.34857,1.50,1.00
2015.02.19 06:21:35.104,8.34514,8.34867,1.00,1.00
2015.02.19 06:21:36.587,8.34524,8.34876,1.00,1.00
2015.02.19 06:21:37.286,8.34523,8.34877,1.50,1.00
2015.02.19 06:21:45.935,8.34513,8.34867,1.50,1.00
2015.02.19 06:21:46.415,8.34523,8.34877,1.00,1.00
2015.02.19 06:21:57.496,8.34533,8.34887,1.00,1.00
2015.02.19 06:22:00.284,8.34543,8.34897,1.00,1.00
2015.02.19 06:22:15.212,8.34534,8.34886,1.00,1.00
2015.02.19 06:22:17.719,8.34533,8.34887,1.00,1.00
2015.02.19 06:22:18.385,8.34523,8.34877,1.00,1.00
2015.02.19 06:22:43.344,8.34513,8.34867,1.00,1.00
2015.02.19 06:22:44.785,8.34523,8.34877,1.00,1.00
2015.02.19 06:22:50.083,8.34513,8.34867,1.00,1.00
2015.02.19 06:22:59.100,8.34484,8.34836,1.00,1.00
2015.02.19 06:22:59.305,8.34443,8.34797,1.00,1.00
2015.02.19 06:22:59.457,8.34433,8.34787,1.00,1.00
2015.02.19 06:22:59.761,8.34413,8.34757,1.00,1.00
2015.02.19 06:22:59.812,8.34403,8.34757,1.00,1.00
2015.02.19 06:23:00.015,8.34373,8.34727,1.00,1.00
2015.02.19 06:23:00.422,8.34393,8.34747,1.00,1.00
2015.02.19 06:23:01.264,8.34383,8.34737,1.00,1.00
2015.02.19 06:23:01.985,8.34393,8.34747,1.00,1.00
2015.02.19 06:23:04.298,8.34383,8.34737,1.00,1.00
2015.02.19 06:23:05.735,8.34393,8.34747,1.00,1.00
2015.02.19 06:23:06.054,8.34403,8.34747,1.00,1.00
2015.02.19 06:23:06.105,8.34393,8.34747,1.50,1.00
2015.02.19 06:23:09.833,8.34383,8.34717,1.00,1.00
2015.02.19 06:23:09.906,8.34403,8.34757,1.00,1.00
2015.02.19 06:23:10.159,8.34383,8.34716,1.00,1.00
2015.02.19 06:23:10.268,8.34403,8.34757,1.00,1.00
2015.02.19 06:23:10.370,8.34393,8.34747,1.00,1.00
2015.02.19 06:23:16.075,8.34383,8.34737,1.00,1.00
2015.02.19 06:23:27.539,8.34393,8.34747,1.00,1.00
2015.02.19 06:23:27.924,8.34403,8.34757,1.00,1.00
2015.02.19 06:23:28.255,8.34443,8.34797,1.00,1.00
2015.02.19 06:23:28.584,8.34463,8.34817,1.00,1.00
2015.02.19 06:23:29.045,8.34473,8.34827,1.00,1.00
2015.02.19 06:23:30.202,8.34503,8.34857,1.00,1.00
2015.02.19 06:23:30.748,8.34493,8.34847,1.00,1.00
2015.02.19 06:23:31.250,8.34503,8.34857,1.00,1.00
2015.02.19 06:23:34.936,8.34513,8.34867,1.00,1.00
2015.02.19 06:23:35.426,8.34503,8.34857,1.00,1.00
2015.02.19 06:23:40.074,8.34523,8.34877,1.00,1.00
2015.02.19 06:23:44.996,8.34513,8.34867,1.50,1.00
2015.02.19 06:23:53.387,8.34483,8.34827,1.00,1.00
2015.02.19 06:23:53.438,8.34473,8.34827,1.50,1.00
2015.02.19 06:23:53.908,8.34453,8.34807,1.50,1.00
2015.02.19 06:24:00.503,8.34443,8.34797,1.00,1.00
2015.02.19 06:24:01.825,8.34453,8.34807,1.00,1.00
2015.02.19 06:24:02.262,8.34443,8.34797,1.50,1.00
2015.02.19 06:24:13.495,8.34453,8.34807,1.00,1.00
2015.02.19 06:24:46.887,8.34463,8.34817,1.00,1.00
2015.02.19 06:25:02.104,8.34473,8.34827,1.00,1.00
2015.02.19 06:25:05.562,8.34463,8.34817,1.00,1.00
2015.02.19 06:25:34.425,8.34483,8.34817,1.00,1.00
2015.02.19 06:25:34.476,8.34483,8.34837,1.50,1.00
2015.02.19 06:25:36.023,8.34464,8.34817,1.00,1.00
2015.02.19 06:25:36.124,8.34473,8.34827,1.50,1.00
2015.02.19 06:25:38.406,8.34463,8.34817,1.50,1.00
2015.02.19 06:25:41.263,8.34463,8.34807,1.00,1.00
2015.02.19 06:25:41.550,8.34453,8.34807,1.50,1.00
2015.02.19 06:25:45.790,8.34463,8.34807,1.00,1.00
2015.02.19 06:25:45.990,8.34454,8.34807,1.00,1.00
2015.02.19 06:25:52.751,8.34463,8.34807,1.00,1.00
2015.02.19 06:26:06.990,8.34453,8.34807,1.50,1.00
2015.02.19 06:26:08.584,8.34463,8.34807,1.00,1.00
2015.02.19 06:26:08.763,8.34473,8.34827,1.00,1.00
2015.02.19 06:26:10.309,8.34473,8.34817,1.00,1.00
2015.02.19 06:26:10.360,8.34463,8.34817,1.50,1.00
2015.02.19 06:26:15.362,8.34453,8.34807,1.50,1.00
2015.02.19 06:26:16.176,8.34454,8.34807,1.00,1.00
2015.02.19 06:26:20.387,8.34453,8.34807,1.00,1.00
2015.02.19 06:27:30.707,8.34473,8.34807,1.00,1.00
2015.02.19 06:27:30.758,8.34473,8.34817,1.00,1.00
2015.02.19 06:27:30.809,8.34483,8.34817,1.00,1.00
2015.02.19 06:27:31.155,8.34493,8.34827,1.00,1.00
2015.02.19 06:27:32.177,8.34483,8.34827,1.00,1.00
2015.02.19 06:27:33.079,8.34493,8.34827,1.00,1.00
2015.02.19 06:27:34.326,8.34493,8.34847,1.50,1.00
2015.02.19 06:27:51.540,8.34533,8.34887,1.00,1.00
2015.02.19 06:27:51.869,8.34553,8.34907,1.50,1.00
2015.02.19 06:27:54.089,8.34563,8.34917,1.00,1.00
2015.02.19 06:27:58.628,8.34553,8.34907,1.50,1.00
2015.02.19 06:27:59.124,8.34563,8.34907,1.00,1.00
2015.02.19 06:28:02.215,8.34553,8.34907,1.50,1.00
2015.02.19 06:28:02.339,8.34563,8.34917,1.00,1.00
2015.02.19 06:28:02.656,8.34573,8.34927,1.00,1.00
2015.02.19 06:28:03.013,8.34593,8.34947,1.00,1.00
2015.02.19 06:28:04.522,8.34583,8.34937,1.50,1.00
2015.02.19 06:28:06.849,8.34573,8.34927,1.50,1.00
2015.02.19 06:28:08.049,8.34574,8.34927,1.00,1.00
2015.02.19 06:28:25.670,8.34563,8.34917,1.50,1.00
2015.02.19 06:28:30.130,8.34553,8.34907,1.50,1.00
2015.02.19 06:28:41.223,8.34554,8.34907,1.00,1.00
2015.02.19 06:28:47.964,8.34563,8.34907,1.00,1.00
2015.02.19 06:28:55.905,8.34524,8.34877,1.00,1.00
2015.02.19 06:28:57.717,8.34523,8.34877,1.50,1.00
2015.02.19 06:29:22.860,8.34494,8.34847,1.00,1.00
2015.02.19 06:29:26.831,8.34493,8.34847,1.50,1.00
2015.02.19 06:29:43.368,8.34483,8.34837,1.50,1.00
2015.02.19 06:29:44.400,8.34503,8.34857,1.00,1.00
2015.02.19 06:29:45.075,8.34503,8.34847,1.00,1.00
2015.02.19 06:29:45.129,8.34493,8.34847,1.50,1.00
2015.02.19 06:29:45.387,8.34493,8.34867,1.50,1.00
2015.02.19 06:29:56.244,8.34473,8.34877,1.12,1.00
2015.02.19 06:29:56.396,8.34469,8.34867,1.37,1.00
2015.02.19 06:29:56.629,8.34493,8.34917,1.00,1.00
2015.02.19 06:29:56.680,8.34493,8.34917,1.00,1.37
2015.02.19 06:29:57.067,8.34493,8.34909,1.00,1.00
2015.02.19 06:29:57.622,8.34483,8.34907,1.00,1.00
2015.02.19 06:30:00.832,8.34493,8.34909,1.00,1.00
2015.02.19 06:30:03.909,8.34483,8.34907,1.00,1.00
2015.02.19 06:30:32.519,8.34493,8.34909,1.00,1.00
2015.02.19 06:30:39.535,8.34504,8.34909,1.00,1.00
2015.02.19 06:30:58.137,8.34504,8.34926,1.00,1.75
2015.02.19 06:30:58.299,8.34543,8.34897,1.00,1.00
2015.02.19 06:30:58.602,8.34513,8.34867,1.00,1.00
2015.02.19 06:31:08.158,8.34503,8.34857,1.00,1.00
2015.02.19 06:31:14.227,8.34493,8.34847,1.00,1.00
2015.02.19 06:31:15.900,8.34484,8.34836,1.00,1.00
2015.02.19 06:31:19.157,8.34473,8.34827,1.00,1.00
2015.02.19 06:31:56.078,8.34483,8.34837,1.00,1.00
2015.02.19 06:32:07.267,8.34473,8.34827,1.00,1.00
2015.02.19 06:32:10.022,8.34483,8.34837,1.00,1.00
2015.02.19 06:32:10.630,8.34493,8.34847,1.00,1.00
2015.02.19 06:32:21.657,8.34484,8.34836,1.00,1.00
2015.02.19 06:32:21.967,8.34493,8.34847,1.00,1.00
2015.02.19 06:32:38.167,8.34513,8.34867,1.00,1.00
2015.02.19 06:32:38.476,8.34533,8.34887,1.00,1.00
2015.02.19 06:32:38.785,8.34543,8.34897,1.00,1.00
2015.02.19 06:32:42.480,8.34554,8.34906,1.00,1.00
2015.02.19 06:32:51.568,8.34563,8.34917,1.00,1.00
2015.02.19 06:32:52.707,8.34573,8.34927,1.00,1.00
2015.02.19 06:32:55.216,8.34563,8.34917,1.00,1.00
2015.02.19 06:33:00.576,8.34573,8.34927,1.00,1.00
2015.02.19 06:33:16.547,8.34583,8.34937,1.00,1.00
2015.02.19 06:33:39.743,8.34563,8.34917,1.00,1.00
2015.02.19 06:33:44.466,8.34553,8.34907,1.00,1.00
2015.02.19 06:33:45.237,8.34563,8.34917,1.00,1.00
2015.02.19 06:33:58.543,8.34573,8.34927,1.00,1.00
2015.02.19 06:35:05.794,8.34583,8.34937,1.00,1.00
2015.02.19 06:35:09.756,8.34594,8.34946,1.00,1.12
2015.02.19 06:35:10.009,8.34613,8.34967,1.00,1.00
2015.02.19 06:35:10.215,8.34643,8.34997,1.00,1.75
2015.02.19 06:35:10.266,8.34643,8.34997,1.00,1.00
2015.02.19 06:35:10.419,8.34653,8.35007,1.00,1.75
2015.02.19 06:35:10.673,8.34643,8.34997,1.00,1.00
2015.02.19 06:35:13.955,8.34633,8.34987,1.00,1.00
2015.02.19 06:35:14.325,8.34623,8.34977,1.00,1.00
2015.02.19 06:35:15.404,8.34633,8.34987,1.00,1.00
2015.02.19 06:35:22.320,8.34603,8.35006,1.00,1.75
2015.02.19 06:35:22.371,8.34618,8.35006,1.00,1.75
2015.02.19 06:35:22.422,8.34618,8.35006,1.00,1.00
2015.02.19 06:35:22.524,8.34618,8.35006,1.75,1.00
2015.02.19 06:35:23.890,8.34623,8.35006,1.00,1.00
2015.02.19 06:35:25.646,8.34633,8.35006,1.00,1.00
2015.02.19 06:35:31.092,8.34633,8.35027,1.00,1.00
2015.02.19 06:35:31.171,8.34653,8.35027,1.00,1.00
2015.02.19 06:35:33.813,8.34663,8.35027,1.50,1.00
2015.02.19 06:35:34.172,8.34683,8.35047,1.00,1.00
2015.02.19 06:35:34.662,8.34703,8.35067,1.00,1.37
2015.02.19 06:35:34.875,8.34673,8.35067,1.00,1.37
2015.02.19 06:35:34.928,8.34686,8.35067,1.00,1.00
2015.02.19 06:35:35.811,8.34727,8.35067,1.00,1.00
2015.02.19 06:35:35.862,8.34727,8.35157,1.00,1.75
2015.02.19 06:35:35.913,8.34727,8.35163,1.00,1.00
2015.02.19 06:35:36.014,8.34742,8.35163,1.00,1.00
2015.02.19 06:35:36.254,8.34742,8.35166,1.12,1.00
2015.02.19 06:35:36.322,8.34754,8.35166,1.00,1.00
2015.02.19 06:35:36.750,8.34757,8.35157,1.00,1.00
2015.02.19 06:35:37.032,8.34757,8.35217,1.00,1.72
2015.02.19 06:35:37.133,8.34776,8.35217,1.00,1.72
2015.02.19 06:35:37.532,8.34773,8.35217,1.00,1.72
2015.02.19 06:35:38.136,8.34773,8.35281,1.75,1.75
2015.02.19 06:35:38.237,8.34774,8.35281,1.75,1.00
2015.02.19 06:35:38.288,8.34774,8.35297,1.75,1.69
2015.02.19 06:35:38.339,8.34813,8.3531,1.69,1.30
2015.02.19 06:35:40.434,8.34813,8.3531,2.44,1.30
2015.02.19 06:35:41.322,8.34813,8.3531,2.07,1.30
2015.02.19 06:35:42.074,8.34813,8.3531,2.44,1.30
2015.02.19 06:35:42.395,8.34813,8.3531,2.44,1.30
2015.02.19 06:35:42.713,8.34813,8.3531,1.69,1.30
2015.02.19 06:35:42.963,8.34813,8.3531,3.19,1.30
2015.02.19 06:35:43.453,8.34813,8.3531,2.44,1.30
2015.02.19 06:35:43.834,8.34813,8.3531,2.82,1.30
2015.02.19 06:35:44.388,8.34813,8.3531,2.44,1.30
2015.02.19 06:35:45.443,8.34813,8.3531,2.07,1.30
2015.02.19 06:35:46.852,8.34813,8.3531,2.07,1.30
2015.02.19 06:35:58.704,8.34813,8.3532,1.69,1.30
2015.02.19 06:36:01.072,8.34816,8.3532,1.00,1.35
2015.02.19 06:36:01.681,8.34816,8.3532,1.75,1.30
2015.02.19 06:36:02.460,8.34816,8.3532,1.00,1.30
2015.02.19 06:36:18.802,8.34816,8.3534,1.00,1.30
2015.02.19 06:36:19.470,8.34816,8.35341,1.00,1.30
2015.02.19 06:36:24.006,8.34816,8.35341,1.00,2.05
2015.02.19 06:36:24.222,8.34816,8.35341,1.00,1.30
2015.02.19 06:36:24.323,8.34816,8.35341,1.00,2.05
2015.02.19 06:36:25.468,8.34816,8.35341,1.00,1.30
2015.02.19 06:36:33.789,8.34816,8.35341,1.00,1.67
2015.02.19 06:36:34.449,8.34817,8.35341,1.00,1.67
2015.02.19 06:36:34.779,8.34823,8.35341,1.00,1.67
2015.02.19 06:36:37.363,8.34823,8.35341,1.75,1.30
2015.02.19 06:36:38.750,8.34823,8.35352,1.75,2.05
2015.02.19 06:36:46.472,8.34903,8.35352,1.69,2.05
2015.02.19 06:36:46.524,8.34933,8.35456,1.69,1.00
2015.02.19 06:36:46.661,8.34933,8.35467,1.69,1.00
2015.02.19 06:36:47.322,8.34933,8.35486,1.69,1.67
2015.02.19 06:36:47.373,8.34933,8.35486,1.69,1.30
2015.02.19 06:36:47.692,8.34933,8.35486,1.69,2.05
2015.02.19 06:36:48.321,8.34933,8.35457,1.69,1.00
2015.02.19 06:36:48.624,8.35033,8.35486,1.69,1.35
2015.02.19 06:36:48.725,8.34944,8.35486,2.44,2.05
2015.02.19 06:36:48.776,8.34944,8.35486,1.69,1.67
2015.02.19 06:36:49.029,8.34925,8.35437,1.30,1.69
2015.02.19 06:36:49.332,8.34925,8.35437,1.30,2.44
2015.02.19 06:36:49.894,8.34925,8.35437,1.30,1.69
2015.02.19 06:36:52.714,8.34925,8.35437,1.30,2.07
2015.02.19 06:36:53.091,8.34925,8.35437,1.30,1.69
2015.02.19 06:36:55.111,8.34925,8.35437,1.30,2.44
2015.02.19 06:36:55.212,8.34925,8.35437,1.30,1.69
2015.02.19 06:36:57.783,8.34925,8.35437,1.30,2.44
2015.02.19 06:36:57.885,8.34925,8.35437,1.30,1.69
2015.02.19 06:37:05.902,8.34905,8.35424,1.30,1.30
2015.02.19 06:37:05.953,8.34873,8.35424,1.69,1.30
2015.02.19 06:37:06.392,8.34893,8.35424,1.00,1.30
2015.02.19 06:37:06.621,8.34873,8.35424,2.44,1.30
2015.02.19 06:37:08.343,8.34873,8.35424,2.07,1.30
2015.02.19 06:37:09.541,8.34883,8.35424,1.00,1.30
2015.02.19 06:37:09.894,8.34873,8.35424,2.44,1.30
2015.02.19 06:37:10.530,8.34883,8.35424,1.00,1.30
2015.02.19 06:37:10.891,8.34873,8.35424,1.69,1.30
2015.02.19 06:37:12.070,8.34893,8.35424,1.00,1.30
2015.02.19 06:37:12.323,8.34883,8.35424,1.00,1.30
2015.02.19 06:37:12.513,8.34873,8.35424,2.44,1.30
2015.02.19 06:37:13.060,8.34883,8.35424,1.00,1.30
2015.02.19 06:37:13.280,8.34873,8.35424,1.69,1.30
2015.02.19 06:37:14.101,8.34893,8.35424,1.00,1.30
2015.02.19 06:37:14.404,8.34873,8.35424,2.44,1.30
2015.02.19 06:37:14.871,8.34874,8.35424,1.00,1.67
2015.02.19 06:37:14.923,8.34874,8.35424,1.00,1.30
2015.02.19 06:37:15.388,8.34883,8.35424,1.00,1.30
2015.02.19 06:37:15.627,8.34873,8.35424,1.69,2.05
2015.02.19 06:37:26.605,8.34873,8.35406,1.69,1.30
2015.02.19 06:37:27.801,8.34883,8.35406,1.00,1.30
2015.02.19 06:37:29.260,8.34873,8.35406,2.44,1.30
2015.02.19 06:37:30.330,8.34883,8.35406,1.00,1.30
2015.02.19 06:37:30.550,8.34873,8.35406,1.69,1.30
2015.02.19 06:37:30.702,8.34873,8.35406,2.44,1.30
2015.02.19 06:37:30.904,8.34873,8.35406,2.44,1.30
2015.02.19 06:37:31.284,8.34873,8.35406,2.44,1.30
2015.02.19 06:37:31.681,8.34873,8.35406,2.44,1.30
2015.02.19 06:37:32.223,8.34873,8.35406,3.19,1.30
2015.02.19 06:37:32.884,8.34873,8.35406,2.44,1.30
2015.02.19 06:37:33.401,8.34883,8.35406,1.75,1.30
2015.02.19 06:37:33.714,8.34873,8.35406,2.82,1.30
2015.02.19 06:37:34.180,8.34873,8.35406,2.44,1.30
2015.02.19 06:37:34.686,8.34873,8.35406,3.19,1.30
2015.02.19 06:37:34.891,8.34873,8.35406,2.44,1.30
2015.02.19 06:37:35.110,8.34873,8.35406,2.07,1.30
2015.02.19 06:37:36.285,8.34873,8.35406,2.44,1.30
2015.02.19 06:37:36.616,8.34883,8.35406,1.00,1.30
2015.02.19 06:37:37.660,8.34873,8.35406,1.77,1.30
2015.02.19 06:37:37.762,8.34873,8.35406,2.44,1.30
2015.02.19 06:37:37.813,8.34873,8.35406,2.44,1.30
2015.02.19 06:37:38.732,8.34873,8.35406,2.44,1.30
2015.02.19 06:37:39.030,8.34873,8.35406,1.69,1.30
2015.02.19 06:37:39.097,8.34873,8.35406,2.44,1.30
2015.02.19 06:37:39.570,8.34933,8.35406,1.00,1.30
2015.02.19 06:37:39.822,8.34903,8.35406,1.50,1.30
2015.02.19 06:37:40.024,8.34903,8.35406,1.00,1.30
2015.02.19 06:37:40.560,8.34883,8.35406,1.00,1.30
2015.02.19 06:37:42.317,8.34873,8.35406,2.44,1.30
2015.02.19 06:37:42.368,8.34883,8.35406,1.00,1.30
2015.02.19 06:37:43.025,8.34873,8.35406,2.44,1.30
2015.02.19 06:37:46.747,8.34873,8.35426,2.44,1.30
2015.02.19 06:37:46.848,8.34873,8.35429,2.44,1.30
2015.02.19 06:37:55.240,8.34868,8.35429,1.30,1.30
2015.02.19 06:37:55.629,8.34873,8.35429,1.00,1.30
2015.02.19 06:37:56.069,8.34868,8.35429,1.30,1.30
2015.02.19 06:37:58.820,8.34873,8.35429,1.00,1.30
2015.02.19 06:38:06.640,8.34883,8.35429,1.00,1.30
2015.02.19 06:38:06.949,8.34883,8.35415,1.00,1.30
2015.02.19 06:38:07.839,8.34873,8.35415,1.00,1.30
2015.02.19 06:38:14.879,8.34863,8.35415,1.37,1.30
2015.02.19 06:38:17.430,8.34873,8.35415,1.00,1.30
2015.02.19 06:38:18.289,8.34863,8.35415,1.37,1.30
2015.02.19 06:38:19.157,8.34863,8.35415,1.00,1.30
2015.02.19 06:38:19.609,8.34854,8.35415,2.47,1.30
2015.02.19 06:38:19.829,8.34854,8.35407,2.05,1.00
2015.02.19 06:38:20.745,8.34873,8.35415,1.00,1.30
2015.02.19 06:38:20.930,8.34863,8.35415,1.00,1.30
2015.02.19 06:38:21.370,8.34863,8.35387,1.00,1.00
2015.02.19 06:38:21.809,8.34883,8.35407,1.00,1.00
2015.02.19 06:38:22.171,8.34873,8.35397,1.00,1.00
2015.02.19 06:38:23.140,8.34854,8.35415,2.05,1.30
2015.02.19 06:38:23.569,8.34863,8.35415,1.00,1.30
2015.02.19 06:38:24.339,8.34854,8.35415,2.05,1.30
2015.02.19 06:38:24.559,8.34863,8.35415,1.00,1.30
2015.02.19 06:38:25.109,8.34873,8.35415,1.00,1.30
2015.02.19 06:38:25.429,8.34883,8.35415,1.00,1.30
2015.02.19 06:38:25.581,8.34863,8.35415,1.00,1.30
2015.02.19 06:38:25.647,8.34863,8.35415,1.00,2.05
2015.02.19 06:38:25.878,8.34854,8.35415,1.35,2.05
2015.02.19 06:38:26.319,8.34864,8.35415,1.00,2.05
2015.02.19 06:38:26.370,8.34864,8.35415,1.00,1.30
2015.02.19 06:38:26.580,8.34854,8.35415,2.47,1.30
2015.02.19 06:38:26.869,8.34863,8.35393,1.00,1.30
2015.02.19 06:38:27.600,8.34863,8.35393,1.37,1.30
2015.02.19 06:38:27.955,8.34863,8.35393,1.75,1.30
2015.02.19 06:38:29.235,8.34883,8.35393,1.00,1.30
2015.02.19 06:38:29.289,8.34863,8.35393,1.75,1.30
2015.02.19 06:38:30.169,8.34854,8.35393,1.75,1.30
2015.02.19 06:38:33.777,8.34853,8.35393,1.75,1.30
2015.02.19 06:38:38.130,8.34873,8.35393,1.00,1.30
2015.02.19 06:38:38.886,8.34883,8.35393,1.00,1.30
2015.02.19 06:38:39.207,8.34883,8.35393,1.75,1.30
2015.02.19 06:38:40.730,8.34863,8.35393,1.75,1.30
2015.02.19 06:38:46.593,8.34832,8.35393,2.05,1.30
2015.02.19 06:38:46.831,8.34834,8.35395,2.05,1.30
2015.02.19 06:38:47.939,8.34834,8.35395,2.05,1.30
2015.02.19 06:38:50.609,8.34834,8.35395,2.05,1.30
2015.02.19 06:38:51.110,8.34834,8.35395,2.05,1.30
2015.02.19 06:38:53.920,8.34834,8.35395,2.05,1.30
2015.02.19 06:39:02.181,8.34834,8.35395,2.05,2.05
2015.02.19 06:39:03.046,8.34834,8.35395,2.05,1.30
2015.02.19 06:39:03.147,8.34843,8.35395,1.75,2.05
2015.02.19 06:39:05.199,8.34834,8.35395,2.05,1.30
2015.02.19 06:39:07.742,8.34852,8.35407,1.67,1.75
2015.02.19 06:39:09.155,8.34863,8.35413,1.00,2.05
2015.02.19 06:39:09.356,8.34852,8.35413,1.67,2.05
2015.02.19 06:39:10.189,8.34852,8.35413,2.05,2.05
2015.02.19 06:39:12.684,8.34852,8.35413,1.30,1.30
2015.02.19 06:39:19.437,8.34852,8.35413,1.37,1.30
2015.02.19 06:39:23.058,8.34852,8.35413,1.30,1.30
2015.02.19 06:39:23.162,8.34852,8.35413,1.37,1.30
2015.02.19 06:39:26.537,8.34852,8.35413,1.67,1.30
2015.02.19 06:39:27.658,8.34882,8.35427,1.30,1.00
2015.02.19 06:39:47.831,8.34877,8.35427,1.30,1.00
2015.02.19 06:39:50.184,8.34877,8.35437,1.30,1.00
2015.02.19 06:39:50.552,8.34877,8.35427,1.30,1.00
2015.02.19 06:39:55.941,8.34877,8.35417,1.30,1.00
2015.02.19 06:39:59.661,8.34877,8.35427,1.30,1.00
2015.02.19 06:40:07.862,8.3488,8.35427,1.30,1.00
2015.02.19 06:40:37.619,8.3488,8.35417,1.30,1.00
2015.02.19 06:40:40.341,8.3488,8.35427,1.30,1.00
2015.02.19 06:40:42.540,8.3488,8.35417,1.30,1.00
2015.02.19 06:40:42.882,8.3488,8.35407,1.67,1.00
2015.02.19 06:40:54.978,8.34871,8.35376,1.30,1.00
2015.02.19 06:40:55.282,8.34871,8.35367,1.30,1.00
2015.02.19 06:40:55.639,8.34871,8.35347,1.30,1.00
2015.02.19 06:41:00.367,8.34871,8.35357,1.30,1.69
2015.02.19 06:41:01.797,8.34873,8.35367,1.69,1.00
2015.02.19 06:41:07.690,8.34893,8.35367,1.00,1.00
2015.02.19 06:41:26.723,8.34883,8.35367,1.00,1.00
2015.02.19 06:41:26.927,8.34893,8.35367,1.00,1.00
2015.02.19 06:41:27.129,8.34883,8.35367,1.00,1.00
2015.02.19 06:41:32.893,8.34883,8.35357,1.00,1.00
2015.02.19 06:41:33.742,8.34883,8.35357,1.75,1.00
2015.02.19 06:41:34.341,8.34883,8.35357,1.75,1.00
2015.02.19 06:41:34.392,8.34893,8.35367,1.12,1.00
2015.02.19 06:41:37.448,8.34893,8.35367,1.75,1.00
2015.02.19 06:41:41.688,8.34893,8.35367,1.75,1.00
2015.02.19 06:41:42.070,8.34893,8.35377,1.75,1.00
2015.02.19 06:41:48.674,8.34903,8.35377,1.75,1.00
2015.02.19 06:41:48.776,8.34913,8.35387,1.37,1.00
2015.02.19 06:41:48.827,8.34923,8.35387,1.00,1.00
2015.02.19 06:41:48.877,8.34923,8.354,1.00,1.00
2015.02.19 06:41:48.929,8.34943,8.354,1.00,1.00
2015.02.19 06:41:48.980,8.34943,8.35414,1.00,1.30
2015.02.19 06:41:49.031,8.34943,8.35414,1.75,1.30
2015.02.19 06:41:49.183,8.34943,8.35414,1.75,1.30
2015.02.19 06:41:49.785,8.34923,8.35407,3.19,1.00
2015.02.19 06:41:58.550,8.34923,8.35377,2.44,1.00
2015.02.19 06:41:59.537,8.34923,8.35397,2.44,1.00
2015.02.19 06:42:01.328,8.34923,8.35387,2.44,1.00
2015.02.19 06:42:02.226,8.34953,8.35387,1.00,1.00
2015.02.19 06:42:14.388,8.34943,8.35377,1.00,1.00
2015.02.19 06:42:17.797,8.34923,8.35357,3.19,1.00
2015.02.19 06:42:17.917,8.34934,8.35366,1.00,1.00
2015.02.19 06:42:19.568,8.34963,8.35397,1.00,1.00
2015.02.19 06:42:20.337,8.34953,8.35387,1.00,1.00
2015.02.19 06:42:20.546,8.34943,8.35387,1.00,1.00
2015.02.19 06:42:21.526,8.34943,8.35387,1.37,1.00
2015.02.19 06:42:21.879,8.34963,8.35397,1.00,1.50
2015.02.19 06:42:58.106,8.34964,8.35396,1.00,1.00
2015.02.19 06:43:34.825,8.34963,8.35397,1.00,1.00
2015.02.19 06:43:39.782,8.34973,8.35407,1.00,1.00
2015.02.19 06:43:40.198,8.34983,8.35417,1.00,1.00
2015.02.19 06:43:40.518,8.34973,8.35407,1.00,1.00
2015.02.19 06:43:41.540,8.34963,8.35397,1.37,1.00
2015.02.19 06:43:44.962,8.34963,8.35397,1.00,1.00
2015.02.19 06:43:49.740,8.34993,8.35427,1.00,1.00
2015.02.19 06:43:54.632,8.35003,8.35437,1.00,1.00
2015.02.19 06:43:54.949,8.35013,8.35447,1.00,1.00
2015.02.19 06:43:57.784,8.35003,8.35437,1.00,1.00
2015.02.19 06:43:58.374,8.35003,8.35435,1.00,1.00
2015.02.19 06:43:58.884,8.35013,8.35435,1.00,1.00
2015.02.19 06:44:06.041,8.35013,8.35431,1.00,1.00
2015.02.19 06:44:12.726,8.35013,8.35446,1.00,1.00
2015.02.19 06:44:12.777,8.35023,8.35446,1.00,1.00
2015.02.19 06:44:13.801,8.35043,8.35446,1.00,1.00
2015.02.19 06:44:37.913,8.35024,8.35446,1.00,1.00
2015.02.19 06:44:38.866,8.35043,8.35446,1.00,1.00
2015.02.19 06:44:39.406,8.35053,8.35446,1.00,1.00
2015.02.19 06:44:41.104,8.35043,8.35446,1.00,1.00
2015.02.19 06:44:43.162,8.35023,8.35446,1.00,1.00
2015.02.19 06:44:44.275,8.35023,8.35453,1.00,1.00
2015.02.19 06:44:51.321,8.35043,8.35453,1.00,1.00
2015.02.19 06:44:56.088,8.35043,8.35359,1.00,1.00
2015.02.19 06:44:56.390,8.35013,8.35359,1.00,1.00
2015.02.19 06:44:56.903,8.35003,8.35359,1.00,1.00
2015.02.19 06:44:57.034,8.35003,8.35437,1.00,1.00
2015.02.19 06:44:58.432,8.35013,8.35439,1.00,1.00
2015.02.19 06:45:14.876,8.35013,8.35442,1.00,1.00
2015.02.19 06:45:16.477,8.35003,8.35437,1.37,1.00
2015.02.19 06:45:20.134,8.35003,8.35356,1.37,1.00
2015.02.19 06:45:20.184,8.35003,8.35356,1.00,1.00
2015.02.19 06:45:20.336,8.34993,8.35356,1.00,1.00
2015.02.19 06:45:21.124,8.34993,8.35427,1.00,1.00
2015.02.19 06:45:21.183,8.34993,8.35427,1.75,1.00
2015.02.19 06:45:21.863,8.35003,8.35437,1.37,1.00
2015.02.19 06:45:53.773,8.35013,8.35441,1.00,1.00
2015.02.19 06:45:54.394,8.35013,8.3544,1.00,1.00
2015.02.19 06:46:05.766,8.35003,8.35437,1.37,1.00
2015.02.19 06:46:06.781,8.35013,8.3544,1.00,1.00
2015.02.19 06:46:07.676,8.35013,8.3544,1.75,1.00
2015.02.19 06:46:07.777,8.35013,8.35447,1.75,1.00
2015.02.19 06:46:07.883,8.35033,8.35455,1.00,1.00
2015.02.19 06:46:07.984,8.35053,8.35455,1.00,1.00
2015.02.19 06:46:08.136,8.35053,8.3547,1.00,1.00
2015.02.19 06:46:08.188,8.35063,8.3547,1.00,1.00
2015.02.19 06:46:08.608,8.35073,8.35477,1.00,1.00
2015.02.19 06:46:10.791,8.35063,8.35477,1.00,1.00
2015.02.19 06:46:12.158,8.35053,8.35477,1.00,1.00
2015.02.19 06:46:12.594,8.35063,8.35477,1.00,1.00
2015.02.19 06:46:12.983,8.35083,8.35478,1.00,1.30
2015.02.19 06:46:14.013,8.35073,8.35478,1.37,1.30
2015.02.19 06:46:15.937,8.35073,8.35498,1.37,1.30
2015.02.19 06:46:16.457,8.35073,8.35499,1.37,1.00
2015.02.19 06:46:56.599,8.35063,8.35497,1.75,1.00
2015.02.19 06:47:12.546,8.35073,8.35499,1.37,1.00
2015.02.19 06:47:12.698,8.35073,8.35506,1.37,1.00
2015.02.19 06:47:13.984,8.35083,8.35506,1.00,1.00
2015.02.19 06:47:14.311,8.35073,8.35506,1.37,1.00
2015.02.19 06:47:15.015,8.35073,8.35506,1.75,1.00
2015.02.19 06:47:16.373,8.35063,8.35497,1.75,1.00
2015.02.19 06:47:16.424,8.35063,8.35497,1.00,1.00
2015.02.19 06:47:29.278,8.35073,8.35506,1.00,1.00
2015.02.19 06:47:32.593,8.35073,8.35506,1.75,1.00
2015.02.19 06:47:33.973,8.35083,8.35506,1.00,1.00
2015.02.19 06:47:39.693,8.35073,8.35506,1.75,1.00
2015.02.19 06:47:40.247,8.35083,8.35506,1.00,1.00
2015.02.19 06:47:48.745,8.35083,8.35513,1.00,1.00
2015.02.19 06:47:54.020,8.35083,8.35517,1.00,1.00
2015.02.19 06:48:05.194,8.35083,8.35517,1.75,1.00
2015.02.19 06:48:05.396,8.35123,8.35543,1.12,1.00
2015.02.19 06:48:05.498,8.35123,8.35557,1.00,1.00
2015.02.19 06:48:05.998,8.35113,8.35547,1.75,1.00
2015.02.19 06:48:06.392,8.35103,8.35537,1.75,1.00
2015.02.19 06:48:07.971,8.35113,8.35547,1.75,1.00
2015.02.19 06:48:24.242,8.35123,8.35557,1.00,1.00
2015.02.19 06:48:25.592,8.35123,8.35557,1.75,1.00
2015.02.19 06:48:33.694,8.35133,8.35567,1.75,1.00
2015.02.19 06:48:46.664,8.35123,8.35557,1.75,1.00
2015.02.19 06:48:47.004,8.35123,8.35557,2.25,1.00
2015.02.19 06:48:47.055,8.35193,8.35601,1.00,1.00
2015.02.19 06:48:47.106,8.35193,8.35601,1.75,1.00
2015.02.19 06:48:47.158,8.35193,8.35621,1.75,1.30
2015.02.19 06:48:47.310,8.35213,8.35621,1.75,1.30
2015.02.19 06:48:47.563,8.35213,8.35642,1.75,1.30
2015.02.19 06:48:47.614,8.35213,8.35647,1.75,1.00
2015.02.19 06:48:47.716,8.35203,8.35637,1.75,1.00
2015.02.19 06:48:47.933,8.35213,8.35647,1.75,1.00
2015.02.19 06:48:48.171,8.35223,8.35657,1.00,1.00
2015.02.19 06:49:17.411,8.35213,8.35647,1.75,1.00
2015.02.19 06:49:20.317,8.35223,8.35657,1.12,1.00
2015.02.19 06:49:20.368,8.35223,8.35657,1.75,1.00
2015.02.19 06:49:20.418,8.35233,8.35666,1.75,1.00
2015.02.19 06:49:20.520,8.35223,8.35657,1.75,1.00
2015.02.19 06:49:20.973,8.35223,8.35657,1.75,1.00
2015.02.19 06:49:21.297,8.35233,8.35667,1.75,1.00
2015.02.19 06:49:22.800,8.35233,8.35667,1.37,1.00
2015.02.19 06:49:22.851,8.35224,8.35656,1.75,1.00
2015.02.19 06:49:23.162,8.35213,8.35647,1.75,1.00
2015.02.19 06:49:24.560,8.35223,8.35657,1.75,1.00
2015.02.19 06:49:25.788,8.35213,8.35647,1.75,1.00
2015.02.19 06:49:27.420,8.35203,8.35637,3.19,1.00
2015.02.19 06:49:31.821,8.35213,8.35647,1.75,1.00
2015.02.19 06:49:33.524,8.35213,8.35647,1.75,1.00
2015.02.19 06:49:38.325,8.35223,8.35657,1.75,1.00
2015.02.19 06:49:38.867,8.35243,8.35668,1.00,1.00
2015.02.19 06:49:39.859,8.35243,8.35677,1.00,1.00
2015.02.19 06:49:46.728,8.35243,8.35677,1.75,1.00
2015.02.19 06:49:46.829,8.35253,8.35687,1.00,1.00
2015.02.19 06:49:46.931,8.35263,8.35693,1.00,1.00
2015.02.19 06:49:47.235,8.35263,8.35697,1.00,1.00
2015.02.19 06:49:47.440,8.35273,8.35707,1.00,1.00
2015.02.19 06:49:47.789,8.35283,8.35715,1.00,1.00
2015.02.19 06:49:48.102,8.35273,8.35707,1.00,1.00
2015.02.19 06:49:48.320,8.35283,8.35715,1.00,1.00
2015.02.19 06:49:49.072,8.35303,8.35715,1.00,1.00
2015.02.19 06:49:49.533,8.35254,8.35686,1.37,1.00
2015.02.19 06:49:53.835,8.35263,8.35697,1.00,1.00
2015.02.19 06:49:54.611,8.35243,8.35677,1.75,1.00
2015.02.19 06:49:54.712,8.35233,8.35667,2.44,1.00
2015.02.19 06:49:55.929,8.35243,8.35677,1.00,1.00
2015.02.19 06:49:56.570,8.35253,8.35679,1.00,1.00
2015.02.19 06:49:57.274,8.35243,8.35677,1.00,1.00
2015.02.19 06:49:58.111,8.35254,8.35679,1.00,1.00
2015.02.19 06:50:00.310,8.35243,8.35677,1.00,1.00
2015.02.19 06:50:12.849,8.35253,8.35679,1.00,1.00
2015.02.19 06:50:13.059,8.35253,8.35681,1.00,1.00
2015.02.19 06:50:13.110,8.35263,8.35681,1.75,1.00
2015.02.19 06:50:13.211,8.35263,8.35697,1.75,1.50
2015.02.19 06:50:16.762,8.35263,8.35697,1.75,1.50
2015.02.19 06:50:16.813,8.35333,8.35758,1.00,1.00
2015.02.19 06:50:19.461,8.35343,8.35764,1.00,1.00
2015.02.19 06:50:20.223,8.35333,8.35764,1.00,1.00
2015.02.19 06:50:21.656,8.35343,8.35764,1.00,1.00
2015.02.19 06:50:32.212,8.35353,8.35764,1.00,1.00
2015.02.19 06:50:32.313,8.35353,8.35781,1.00,1.00
2015.02.19 06:50:32.364,8.35373,8.35781,1.00,1.00
2015.02.19 06:50:32.465,8.35383,8.35801,1.00,1.00
2015.02.19 06:50:32.668,8.35404,8.35801,1.00,1.00
2015.02.19 06:50:33.091,8.35393,8.35801,1.00,1.00
2015.02.19 06:50:33.330,8.35383,8.35801,1.00,1.00
2015.02.19 06:50:34.677,8.35383,8.35808,1.00,1.00
2015.02.19 06:50:36.319,8.35373,8.35807,1.00,1.00
2015.02.19 06:50:36.426,8.35353,8.35787,1.00,1.00
2015.02.19 06:50:36.730,8.35333,8.35767,1.00,1.00
2015.02.19 06:50:37.053,8.35353,8.35757,1.00,1.00
2015.02.19 06:50:37.966,8.35343,8.35757,1.00,1.00
2015.02.19 06:50:38.068,8.35333,8.35757,1.00,1.00
2015.02.19 06:50:38.139,8.35333,8.35764,1.00,1.00
2015.02.19 06:50:38.627,8.35353,8.35764,1.00,1.00
2015.02.19 06:50:39.948,8.35333,8.35764,1.00,1.00
2015.02.19 06:50:40.461,8.3533,8.35757,1.30,1.00
2015.02.19 06:50:41.331,8.35323,8.3575,1.00,1.00
2015.02.19 06:50:41.382,8.35283,8.35717,1.00,1.00
2015.02.19 06:50:41.585,8.35273,8.35707,1.00,1.00
2015.02.19 06:50:42.062,8.35223,8.35657,1.00,1.00
2015.02.19 06:50:42.858,8.35233,8.35667,1.00,1.00
2015.02.19 06:50:44.201,8.35223,8.35657,1.00,1.00
2015.02.19 06:50:44.531,8.35244,8.35671,1.00,1.00
2015.02.19 06:50:44.795,8.35233,8.35667,1.00,1.00
2015.02.19 06:50:45.163,8.35233,8.35667,1.75,1.00
2015.02.19 06:50:45.316,8.35293,8.35727,1.00,1.00
2015.02.19 06:50:45.569,8.35314,8.35734,1.00,1.00
2015.02.19 06:50:45.632,8.35304,8.35734,1.00,1.00
2015.02.19 06:50:45.784,8.35313,8.35734,1.00,1.00
2015.02.19 06:50:45.885,8.35313,8.35744,1.00,1.00
2015.02.19 06:50:48.090,8.35313,8.35744,1.00,1.75
2015.02.19 06:50:48.191,8.35253,8.35687,1.00,1.00
2015.02.19 06:50:48.293,8.35223,8.35657,1.00,1.00
2015.02.19 06:50:48.596,8.35213,8.3562,1.00,1.00
2015.02.19 06:50:48.647,8.35194,8.3562,1.00,1.00
2015.02.19 06:50:48.822,8.35203,8.3562,1.00,1.00
2015.02.19 06:51:00.641,8.35193,8.3562,1.00,1.00
2015.02.19 06:51:04.799,8.35183,8.3562,1.00,1.00
2015.02.19 06:51:06.217,8.35173,8.35617,1.00,1.00
2015.02.19 06:51:15.059,8.35153,8.35597,1.75,1.00
2015.02.19 06:51:15.316,8.35213,8.35647,1.00,1.00
2015.02.19 06:51:15.468,8.35213,8.35647,1.75,1.00
2015.02.19 06:51:15.518,8.35223,8.35657,1.37,1.00
2015.02.19 06:51:15.620,8.35233,8.35677,1.00,1.00
2015.02.19 06:51:15.670,8.35233,8.35677,1.75,1.00
2015.02.19 06:51:15.722,8.35263,8.35707,1.00,1.00
2015.02.19 06:51:15.833,8.35283,8.35717,1.00,1.00
2015.02.19 06:51:16.317,8.35263,8.35697,1.75,1.00
2015.02.19 06:51:16.368,8.35263,8.35697,1.00,1.00
2015.02.19 06:51:16.419,8.35243,8.35677,1.37,1.00
2015.02.19 06:51:16.711,8.35244,8.35686,1.37,1.00
2015.02.19 06:51:17.481,8.35263,8.35707,1.00,1.00
2015.02.19 06:51:18.229,8.35264,8.35706,1.00,1.00
2015.02.19 06:51:27.640,8.35233,8.35667,1.00,1.00
2015.02.19 06:51:27.691,8.35213,8.35667,2.44,1.00
2015.02.19 06:51:27.742,8.35213,8.35667,1.69,1.00
2015.02.19 06:51:28.038,8.35213,8.35657,1.69,1.00
2015.02.19 06:51:28.838,8.35213,8.35667,1.69,1.00
2015.02.19 06:51:28.940,8.35213,8.35646,1.69,1.00
2015.02.19 06:51:29.091,8.35143,8.35646,1.69,1.00
2015.02.19 06:51:29.519,8.35126,8.35646,1.00,1.00
2015.02.19 06:51:29.919,8.35116,8.35647,1.30,1.00
2015.02.19 06:51:32.899,8.35116,8.35667,1.30,1.00
2015.02.19 06:51:33.152,8.35163,8.35677,1.69,1.30
2015.02.19 06:51:49.832,8.35163,8.35699,1.69,1.30
2015.02.19 06:52:10.583,8.35163,8.35688,1.69,1.30
2015.02.19 06:52:18.628,8.35163,8.35688,2.44,1.30
2015.02.19 06:52:19.959,8.35213,8.35688,1.00,1.30
2015.02.19 06:52:20.285,8.35223,8.35688,1.00,1.30
2015.02.19 06:52:22.628,8.35293,8.35688,1.00,1.30
2015.02.19 06:52:22.729,8.35293,8.35717,1.00,1.69
2015.02.19 06:52:22.780,8.35293,8.35807,1.00,2.47
2015.02.19 06:52:22.831,8.35304,8.35806,1.00,1.75
2015.02.19 06:52:23.087,8.35313,8.35807,1.00,2.05
2015.02.19 06:52:23.290,8.35313,8.35807,1.00,1.30
2015.02.19 06:52:23.340,8.35328,8.35827,1.30,1.75
2015.02.19 06:52:25.340,8.35328,8.35837,1.30,1.75
2015.02.19 06:52:25.500,8.35364,8.35854,1.00,1.75
2015.02.19 06:52:25.703,8.3534,8.35847,1.07,1.75
2015.02.19 06:52:26.117,8.3534,8.35827,1.07,1.00
2015.02.19 06:52:27.197,8.35393,8.35827,1.30,1.00
2015.02.19 06:52:27.594,8.35414,8.35827,1.30,1.00
2015.02.19 06:52:30.301,8.35414,8.35837,1.30,1.00
2015.02.19 06:52:31.816,8.35423,8.35837,1.00,1.00
2015.02.19 06:52:32.147,8.35433,8.35837,1.00,1.00
2015.02.19 06:52:33.378,8.35433,8.35827,1.00,1.00
2015.02.19 06:52:33.853,8.35423,8.35837,2.44,1.75
2015.02.19 06:52:34.258,8.35423,8.35817,1.72,1.00
2015.02.19 06:52:34.359,8.35433,8.35817,1.00,1.00
2015.02.19 06:52:36.818,8.35433,8.35827,1.00,1.00
2015.02.19 06:52:37.353,8.35433,8.35857,1.00,1.75
2015.02.19 06:52:37.404,8.35423,8.35857,2.10,1.75
2015.02.19 06:52:39.165,8.35433,8.35833,1.00,1.75
2015.02.19 06:52:40.298,8.35453,8.35826,1.00,1.75
2015.02.19 06:52:40.687,8.35443,8.35826,1.00,1.75
2015.02.19 06:52:40.888,8.35453,8.35797,1.00,1.00
2015.02.19 06:52:42.286,8.35453,8.35832,1.00,1.00
2015.02.19 06:52:42.337,8.35453,8.35837,1.00,1.37
2015.02.19 06:52:42.388,8.35323,8.35837,1.82,1.00
2015.02.19 06:52:42.489,8.35323,8.35837,1.37,1.00
2015.02.19 06:52:42.590,8.35323,8.35837,1.75,1.00
2015.02.19 06:52:42.692,8.35313,8.35837,1.69,1.00
2015.02.19 06:52:42.843,8.35313,8.35817,1.69,1.00
2015.02.19 06:52:48.851,8.35343,8.35817,1.69,1.00
2015.02.19 06:52:49.377,8.35343,8.35816,1.69,1.00
2015.02.19 06:52:51.089,8.35343,8.35807,1.69,1.00
2015.02.19 06:52:51.543,8.35343,8.35797,1.69,1.00
2015.02.19 06:52:51.897,8.35343,8.35817,1.69,1.00
2015.02.19 06:52:55.077,8.35343,8.35827,2.44,1.00
2015.02.19 06:52:55.708,8.35343,8.35837,2.44,1.00
2015.02.19 06:52:55.929,8.35343,8.35847,2.44,1.00
2015.02.19 06:52:56.588,8.35383,8.35867,1.00,1.75
2015.02.19 06:52:56.739,8.35383,8.35867,1.00,1.00
2015.02.19 06:52:57.897,8.35413,8.35856,1.69,1.00
2015.02.19 06:52:58.303,8.35413,8.35824,1.69,1.00
2015.02.19 06:52:58.607,8.35443,8.35866,1.00,1.75
2015.02.19 06:52:58.658,8.35443,8.35866,1.00,1.75
2015.02.19 06:52:59.336,8.35423,8.35847,1.00,1.37
2015.02.19 06:53:00.356,8.35413,8.35837,1.69,1.00
2015.02.19 06:53:00.559,8.35413,8.35857,1.69,1.00
2015.02.19 06:53:00.710,8.35303,8.35857,2.44,1.00
2015.02.19 06:53:00.761,8.35303,8.35857,1.69,1.00
2015.02.19 06:53:00.913,8.35303,8.35837,1.69,1.00
2015.02.19 06:53:07.260,8.35303,8.35837,1.69,1.75
2015.02.19 06:53:07.579,8.35303,8.35817,1.69,1.00
2015.02.19 06:53:09.786,8.35303,8.35867,1.69,2.44
2015.02.19 06:53:11.929,8.35273,8.35837,1.69,2.44
2015.02.19 06:53:12.900,8.35274,8.35837,1.00,2.44
2015.02.19 06:53:13.910,8.35274,8.35837,1.00,2.44
2015.02.19 06:53:14.498,8.35273,8.35837,1.69,2.44
2015.02.19 06:53:25.208,8.35273,8.35827,2.44,1.00
2015.02.19 06:53:25.259,8.35283,8.35837,1.00,2.44
2015.02.19 06:53:25.863,8.35293,8.35837,1.00,2.44
2015.02.19 06:53:26.669,8.35304,8.35837,1.00,2.44
2015.02.19 06:53:27.676,8.35313,8.35837,1.00,2.44
2015.02.19 06:53:40.889,8.35323,8.35837,1.00,2.44
2015.02.19 06:53:40.990,8.35323,8.35837,1.00,1.69
2015.02.19 06:53:41.091,8.35323,8.35851,2.44,1.37
2015.02.19 06:53:42.299,8.35333,8.35887,1.00,2.44
2015.02.19 06:53:43.279,8.35343,8.35887,1.00,2.44
2015.02.19 06:53:43.733,8.35388,8.35887,1.00,2.44
2015.02.19 06:53:45.222,8.35388,8.35887,1.00,2.44
2015.02.19 06:54:03.689,8.35388,8.35887,1.00,2.44
2015.02.19 06:54:11.363,8.35388,8.35887,1.00,2.44
2015.02.19 06:54:11.806,8.35388,8.35887,1.00,2.44
2015.02.19 06:54:11.940,8.35388,8.35887,1.00,2.44
2015.02.19 06:54:14.901,8.35388,8.35887,1.00,2.44
2015.02.19 06:54:16.002,8.35378,8.35887,1.00,2.44
2015.02.19 06:54:16.053,8.35388,8.35887,1.00,2.44
2015.02.19 06:54:20.017,8.35388,8.35887,1.00,2.44
2015.02.19 06:54:22.530,8.35388,8.35887,1.00,2.44
2015.02.19 06:54:45.387,8.35388,8.35877,1.00,1.75
2015.02.19 06:54:45.895,8.35389,8.35867,1.00,1.75
2015.02.19 06:54:46.454,8.35388,8.35867,1.00,1.75
2015.02.19 06:54:46.833,8.35388,8.35867,1.00,1.12
2015.02.19 06:54:46.934,8.35388,8.35897,1.00,1.75
2015.02.19 06:54:47.136,8.35388,8.35877,1.00,1.75
2015.02.19 06:54:47.437,8.35388,8.35866,1.00,1.50
2015.02.19 06:54:47.825,8.35388,8.35866,1.00,1.75
2015.02.19 06:54:48.433,8.35389,8.35866,1.00,1.75
2015.02.19 06:54:49.144,8.35389,8.35866,1.00,1.00
2015.02.19 06:54:49.245,8.35388,8.35866,1.00,1.75
2015.02.19 06:54:50.173,8.35388,8.35877,1.00,1.75
2015.02.19 06:54:52.420,8.35388,8.35877,1.00,1.75
2015.02.19 06:54:54.746,8.35388,8.35877,1.00,1.75
2015.02.19 06:54:56.581,8.35388,8.35856,1.00,1.00
2015.02.19 06:54:58.867,8.35388,8.35857,1.00,1.00
2015.02.19 06:55:00.246,8.35388,8.35857,1.00,1.75
2015.02.19 06:55:00.348,8.35388,8.35857,1.00,1.75
2015.02.19 06:55:00.587,8.35388,8.35857,1.00,1.75
2015.02.19 06:55:00.902,8.35388,8.35847,1.00,1.75
2015.02.19 06:55:01.205,8.35388,8.35787,1.00,1.00
2015.02.19 06:55:01.527,8.35388,8.35797,1.00,3.19
2015.02.19 06:55:01.779,8.35389,8.35797,1.00,3.19
2015.02.19 06:55:03.036,8.35388,8.35797,1.00,3.19
2015.02.19 06:55:04.287,8.35388,8.35797,1.00,3.19
2015.02.19 06:55:16.607,8.35388,8.35777,1.00,1.50
2015.02.19 06:55:16.844,8.35388,8.35777,1.00,1.00
2015.02.19 06:55:21.301,8.35388,8.35777,1.00,1.37
2015.02.19 06:55:24.280,8.35388,8.35777,1.00,1.75
2015.02.19 06:55:24.885,8.35388,8.35777,1.00,1.75
2015.02.19 06:55:25.595,8.35388,8.35757,1.00,1.00
2015.02.19 06:55:26.205,8.35388,8.35747,1.00,1.00
2015.02.19 06:55:27.156,8.35388,8.35757,1.00,1.00
2015.02.19 06:55:27.376,8.35388,8.35747,1.00,1.00
2015.02.19 06:55:45.187,8.35388,8.35737,1.00,1.00
2015.02.19 06:55:45.645,8.35388,8.35727,1.00,1.00
2015.02.19 06:55:47.414,8.35389,8.35677,1.00,1.00
2015.02.19 06:55:47.748,8.35389,8.35657,1.00,1.00
2015.02.19 06:55:48.218,8.35389,8.35646,1.00,1.00
2015.02.19 06:55:48.567,8.35389,8.35657,1.00,1.00
2015.02.19 06:55:49.120,8.35388,8.35657,1.00,1.00
2015.02.19 06:55:49.708,8.35388,8.35647,1.00,1.00
2015.02.19 06:55:50.049,8.35388,8.35627,1.00,1.00
2015.02.19 06:55:50.110,8.35388,8.35637,1.00,1.00
2015.02.19 06:55:50.580,8.35388,8.35627,1.00,1.00
2015.02.19 06:55:50.657,8.35388,8.35637,1.00,1.00
2015.02.19 06:55:51.176,8.35389,8.35637,1.00,1.00
2015.02.19 06:55:52.651,8.35388,8.35637,1.00,1.00
2015.02.19 06:55:53.666,8.35388,8.35626,1.00,1.00
2015.02.19 06:55:55.731,8.35388,8.35627,1.00,1.00
2015.02.19 06:55:56.386,8.35388,8.35617,1.00,1.00
2015.02.19 06:55:56.489,8.35388,8.35637,1.00,1.00
2015.02.19 06:55:56.642,8.35388,8.35647,1.00,1.00
2015.02.19 06:55:59.356,8.35388,8.35667,1.00,1.00
2015.02.19 06:56:02.758,8.35388,8.35656,1.00,1.00
2015.02.19 06:56:03.088,8.35388,8.35667,1.00,1.00
2015.02.19 06:56:03.876,8.35388,8.35657,1.00,1.00
2015.02.19 06:56:09.710,8.35378,8.35657,1.00,1.00
2015.02.19 06:56:09.761,8.35388,8.35657,1.00,1.00
2015.02.19 06:56:11.030,8.35388,8.35597,1.00,1.00
2015.02.19 06:56:11.132,8.35388,8.35637,1.00,1.00
2015.02.19 06:56:11.229,8.35388,8.35617,1.00,1.00
2015.02.19 06:56:13.771,8.35388,8.35607,1.00,1.00
2015.02.19 06:56:15.343,8.35388,8.35617,1.00,1.00
2015.02.19 06:56:19.805,8.35388,8.35616,1.00,1.00
2015.02.19 06:56:20.329,8.35388,8.35617,1.00,1.00
2015.02.19 06:56:43.895,8.35388,8.35667,1.00,1.00
2015.02.19 06:56:48.626,8.35388,8.35677,1.00,1.12
2015.02.19 06:56:48.880,8.35389,8.35657,1.00,1.00
2015.02.19 06:56:49.082,8.35389,8.35667,1.00,1.00
2015.02.19 06:56:50.498,8.35388,8.35667,1.00,1.00
2015.02.19 06:56:52.697,8.35388,8.35677,1.00,1.00
2015.02.19 06:56:54.687,8.35388,8.35697,1.00,1.00
2015.02.19 06:56:57.783,8.35388,8.35706,1.00,1.00
2015.02.19 06:56:57.885,8.35388,8.35727,1.00,1.37
2015.02.19 06:56:58.037,8.35388,8.35727,1.00,1.00
2015.02.19 06:56:58.917,8.35388,8.35707,1.00,1.00
2015.02.19 06:57:03.627,8.35388,8.35563,1.00,1.00
2015.02.19 06:57:03.930,8.35163,8.35427,1.00,1.75
2015.02.19 06:57:04.082,8.35153,8.35394,1.00,1.00
2015.02.19 06:57:04.285,8.35133,8.35394,1.00,1.00
2015.02.19 06:57:04.387,8.35133,8.35379,1.00,1.00
2015.02.19 06:57:04.834,8.35133,8.35377,1.00,1.00
2015.02.19 06:57:04.941,8.35133,8.35392,1.00,1.00
2015.02.19 06:57:05.054,8.35153,8.35392,1.00,1.00
2015.02.19 06:57:05.156,8.35153,8.35396,1.00,1.00
2015.02.19 06:57:06.044,8.35133,8.35396,1.00,1.00
2015.02.19 06:57:06.145,8.35133,8.35394,1.00,1.00
2015.02.19 06:57:09.578,8.35123,8.35394,1.00,1.00
2015.02.19 06:57:09.644,8.35123,8.35383,1.00,1.00
2015.02.19 06:57:09.796,8.35103,8.35383,1.00,1.00
2015.02.19 06:57:09.897,8.35103,8.35374,1.00,1.00
2015.02.19 06:57:10.049,8.35093,8.35374,1.00,1.00
2015.02.19 06:57:12.850,8.35093,8.35362,1.00,1.00
2015.02.19 06:57:13.880,8.35073,8.35362,1.00,1.00
2015.02.19 06:57:14.853,8.35083,8.35362,1.00,1.00
2015.02.19 06:57:15.292,8.35064,8.35362,1.00,1.00
2015.02.19 06:57:16.586,8.35064,8.35396,1.75,1.00
2015.02.19 06:57:16.688,8.35064,8.35395,1.00,1.00
2015.02.19 06:57:16.840,8.35064,8.35375,1.00,1.00
2015.02.19 06:57:17.814,8.35083,8.35375,1.00,1.00
2015.02.19 06:57:18.146,8.35093,8.35375,1.00,1.00
2015.02.19 06:57:18.364,8.35073,8.35375,1.00,1.00
2015.02.19 06:57:18.512,8.35063,8.35375,1.00,1.00
2015.02.19 06:57:19.354,8.35053,8.35375,1.00,1.00
2015.02.19 06:57:19.602,8.35063,8.35375,1.00,1.00
2015.02.19 06:57:20.282,8.35063,8.35375,1.00,1.75
2015.02.19 06:57:22.787,8.35063,8.35375,1.00,1.00
2015.02.19 06:57:23.314,8.35083,8.35375,1.00,1.00
2015.02.19 06:57:23.904,8.35073,8.35375,1.00,1.00
2015.02.19 06:57:23.955,8.35073,8.35352,1.00,1.00
2015.02.19 06:57:24.006,8.35063,8.35352,1.00,1.00
2015.02.19 06:57:24.210,8.35063,8.3534,1.00,1.00
2015.02.19 06:57:25.084,8.35043,8.3534,1.00,1.00
2015.02.19 06:57:25.447,8.35064,8.3534,1.00,1.00
2015.02.19 06:57:25.650,8.35043,8.3534,1.00,1.00
2015.02.19 06:57:26.649,8.35063,8.3534,1.00,1.00
2015.02.19 06:57:27.604,8.35043,8.3534,1.00,1.00
2015.02.19 06:57:28.593,8.35053,8.3534,1.00,1.00
2015.02.19 06:57:29.549,8.35033,8.3534,1.00,1.00
2015.02.19 06:57:29.832,8.35054,8.3534,1.00,1.00
2015.02.19 06:57:30.386,8.35033,8.3534,1.00,1.00
2015.02.19 06:57:32.916,8.35023,8.3534,1.00,1.00
2015.02.19 06:57:35.870,8.35033,8.3534,1.00,1.00
2015.02.19 06:57:43.083,8.35033,8.35351,1.00,1.00
2015.02.19 06:57:43.572,8.35033,8.35365,1.00,1.50
2015.02.19 06:58:06.546,8.35033,8.35365,1.00,1.75
2015.02.19 06:58:06.597,8.35003,8.35357,1.00,1.75
2015.02.19 06:58:06.749,8.35003,8.35336,1.00,1.75
2015.02.19 06:58:06.800,8.34973,8.35327,1.00,1.75
2015.02.19 06:58:06.850,8.34973,8.35314,1.00,1.00
2015.02.19 06:58:07.003,8.34953,8.35305,1.00,1.37
2015.02.19 06:58:08.004,8.34973,8.35302,1.00,1.00
2015.02.19 06:58:08.125,8.34963,8.35302,1.00,1.00
2015.02.19 06:58:08.872,8.34973,8.35302,1.00,1.00
2015.02.19 06:58:12.632,8.34974,8.35302,1.00,1.00
2015.02.19 06:58:16.671,8.34974,8.35302,1.00,1.75
2015.02.19 06:58:16.924,8.34923,8.35277,1.00,1.75
2015.02.19 06:58:17.217,8.34913,8.3526,1.00,1.75
2015.02.19 06:58:17.520,8.34914,8.35252,1.00,1.75
2015.02.19 06:58:17.672,8.34883,8.35236,1.00,1.50
2015.02.19 06:58:17.774,8.34873,8.35227,1.00,1.00
2015.02.19 06:58:17.986,8.34883,8.35236,1.00,1.50
2015.02.19 06:58:19.606,8.34883,8.3523,1.00,1.00
2015.02.19 06:58:21.198,8.34883,8.35231,1.00,1.12
2015.02.19 06:58:22.450,8.34883,8.35237,1.00,1.00
2015.02.19 06:58:22.824,8.34893,8.35247,1.00,1.00
2015.02.19 06:58:28.608,8.34883,8.35237,1.00,1.00
2015.02.19 06:58:29.641,8.34904,8.35256,1.00,1.50
2015.02.19 06:58:30.871,8.34884,8.35236,1.00,1.00
2015.02.19 06:58:32.383,8.34884,8.35236,1.00,1.75
2015.02.19 06:58:32.535,8.34789,8.35137,1.37,1.00
2015.02.19 06:58:32.585,8.34788,8.35137,2.47,1.00
2015.02.19 06:58:32.636,8.34823,8.35177,1.00,1.00
2015.02.19 06:58:32.737,8.34813,8.35157,1.75,1.00
2015.02.19 06:58:32.839,8.34823,8.35177,1.00,1.00
2015.02.19 06:58:32.990,8.34813,8.35167,1.00,1.00
2015.02.19 06:58:33.322,8.34823,8.35171,1.37,1.00
2015.02.19 06:58:34.466,8.34823,8.35177,3.19,1.00
2015.02.19 06:58:34.518,8.34883,8.3521,1.00,1.00
2015.02.19 06:58:34.595,8.34873,8.3521,1.00,1.00
2015.02.19 06:58:35.043,8.34883,8.3521,1.00,1.00
2015.02.19 06:58:38.600,8.34853,8.35207,1.00,1.00
2015.02.19 06:58:38.651,8.34853,8.35201,1.00,1.00
2015.02.19 06:58:38.802,8.34843,8.35197,1.00,1.00
2015.02.19 06:58:39.000,8.34853,8.35201,1.00,1.00
2015.02.19 06:58:40.062,8.34853,8.35187,1.00,1.00
2015.02.19 06:58:40.113,8.34813,8.35177,1.75,1.00
2015.02.19 06:58:40.164,8.34803,8.35177,1.12,1.00
2015.02.19 06:58:40.316,8.34803,8.3517,1.12,1.00
2015.02.19 06:58:40.636,8.34793,8.35167,1.75,1.00
2015.02.19 06:58:41.293,8.34788,8.35157,2.47,1.00
2015.02.19 06:58:41.619,8.34788,8.35137,2.47,1.00
2015.02.19 06:58:41.948,8.34773,8.35147,3.19,1.00
2015.02.19 06:58:42.865,8.34783,8.35157,1.75,1.00
2015.02.19 06:58:43.174,8.34788,8.35147,2.47,1.00
2015.02.19 06:58:43.528,8.34776,8.35136,1.75,1.00
2015.02.19 06:58:43.630,8.34773,8.3515,3.42,1.00
2015.02.19 06:58:43.731,8.34773,8.35177,3.42,1.00
2015.02.19 06:58:44.083,8.34773,8.35167,3.42,1.00
2015.02.19 06:58:44.424,8.34788,8.35147,2.47,1.00
2015.02.19 06:58:44.526,8.34788,8.35157,2.47,1.00
2015.02.19 06:58:44.627,8.34788,8.35157,2.47,1.00
2015.02.19 06:58:44.728,8.34853,8.35337,1.75,1.69
2015.02.19 06:58:44.779,8.34893,8.35397,2.44,1.00
2015.02.19 06:58:44.953,8.34893,8.35407,2.44,1.00
2015.02.19 06:58:45.104,8.34963,8.35407,2.44,1.00
2015.02.19 06:58:45.408,8.34963,8.35387,2.44,1.00
2015.02.19 06:58:45.509,8.35023,8.35387,2.44,1.00
2015.02.19 06:58:45.816,8.35023,8.35427,2.44,1.00
2015.02.19 06:58:45.917,8.35023,8.35427,2.44,1.00
2015.02.19 06:58:46.383,8.35023,8.35457,2.44,1.00
2015.02.19 06:58:47.552,8.34714,8.35177,1.22,1.69
2015.02.19 06:58:47.781,8.34714,8.35257,1.22,1.69
2015.02.19 06:58:48.191,8.34714,8.35307,1.22,1.69
2015.02.19 06:58:48.512,8.34714,8.35247,1.22,1.69
2015.02.19 06:58:49.134,8.34714,8.35247,1.22,1.69
2015.02.19 06:58:49.439,8.34714,8.35191,1.00,1.19
2015.02.19 06:58:49.490,8.34714,8.35197,1.00,1.00
2015.02.19 06:58:49.541,8.34714,8.35075,1.00,1.30
2015.02.19 06:58:49.642,8.34714,8.35166,1.00,1.69
2015.02.19 06:58:49.845,8.34714,8.35229,0.75,1.00
2015.02.19 06:58:50.452,8.34714,8.35256,0.75,1.30
2015.02.19 06:58:51.698,8.34361,8.35256,1.30,1.30
2015.02.19 06:58:52.593,8.34413,8.35187,1.69,1.77
2015.02.19 06:58:53.033,8.34413,8.35187,1.69,1.69
2015.02.19 06:58:55.004,8.34413,8.35187,1.69,1.77
2015.02.19 06:58:57.973,8.34413,8.35187,1.69,1.69
2015.02.19 06:58:59.302,8.34413,8.35187,1.69,2.07
2015.02.19 06:58:59.403,8.34361,8.35256,1.30,2.05
2015.02.19 06:58:59.504,8.34361,8.35256,1.30,1.67
2015.02.19 06:59:00.585,8.34361,8.35256,1.30,2.05
2015.02.19 06:59:00.941,8.34361,8.35256,1.30,1.67
2015.02.19 06:59:01.722,8.34361,8.35256,1.30,1.35
2015.02.19 06:59:02.802,8.34361,8.35256,1.30,1.30
2015.02.19 06:59:02.954,8.34403,8.35167,1.69,1.69
2015.02.19 06:59:03.812,8.34433,8.35207,1.69,1.69
2015.02.19 06:59:05.484,8.34361,8.35256,1.30,1.30
2015.02.19 06:59:05.888,8.34361,8.35256,1.37,1.30
2015.02.19 06:59:06.191,8.34414,8.35176,1.69,1.69
2015.02.19 06:59:11.593,8.34643,8.35176,1.00,1.69
2015.02.19 06:59:11.896,8.34763,8.35296,1.69,1.07
2015.02.19 06:59:12.213,8.34793,8.35357,1.69,2.82
2015.02.19 06:59:12.264,8.34793,8.35357,1.69,2.52
2015.02.19 06:59:13.694,8.34803,8.35467,1.69,1.75
2015.02.19 06:59:13.746,8.34803,8.3552,1.69,1.37
2015.02.19 06:59:19.345,8.34882,8.3552,1.00,1.37
2015.02.19 06:59:19.547,8.34903,8.35637,1.69,1.75
2015.02.19 06:59:28.097,8.34903,8.35647,1.69,1.75
2015.02.19 06:59:28.148,8.34934,8.35647,1.69,1.75
2015.02.19 06:59:30.187,8.34934,8.35508,1.69,1.30
2015.02.19 06:59:30.693,8.34913,8.35508,1.69,1.30
2015.02.19 06:59:40.882,8.34983,8.35508,1.69,1.30
2015.02.19 06:59:50.723,8.34983,8.35475,1.69,1.30
2015.02.19 06:59:51.122,8.34983,8.35455,1.69,1.30
