2015.02.25 22:00:00.102,8.29693,8.30506,1.69,0.97
2015.02.25 22:00:00.207,8.29693,8.30667,1.69,0.75
2015.02.25 22:00:00.265,8.29982,8.30667,0.97,0.75
2015.02.25 22:00:00.316,8.30003,8.30825,0.97,0.97
2015.02.25 22:00:01.285,8.30353,8.30846,0.97,0.97
2015.02.25 22:00:01.385,8.30353,8.30974,0.97,0.75
2015.02.25 22:00:01.492,8.30353,8.31178,0.97,0.97
2015.02.25 22:00:22.301,8.30353,8.31156,0.97,0.97
2015.02.25 22:00:22.351,8.30311,8.31136,0.97,0.97
2015.02.25 22:00:43.389,8.303,8.31125,0.97,0.97
2015.02.25 22:00:48.383,8.29673,8.30497,0.97,0.97
2015.02.25 22:01:07.883,8.29673,8.3045,0.97,0.75
2015.02.25 22:01:09.323,8.29663,8.3045,0.75,0.75
2015.02.25 22:01:19.122,8.29649,8.3045,0.97,0.75
2015.02.25 22:01:19.173,8.29649,8.30376,0.97,0.75
2015.02.25 22:01:29.346,8.29643,8.30376,0.75,0.75
2015.02.25 22:01:29.797,8.29847,8.30376,0.97,0.75
2015.02.25 22:01:30.011,8.29866,8.30691,0.97,0.97
2015.02.25 22:01:30.842,8.30294,8.30897,0.97,0.75
2015.02.25 22:01:30.893,8.30294,8.31119,0.97,0.97
2015.02.25 22:01:51.249,8.30274,8.3109,0.97,0.97
2015.02.25 22:01:51.321,8.30266,8.3109,0.97,0.97
2015.02.25 22:02:11.342,8.30305,8.3111,0.97,0.97
2015.02.25 22:02:11.393,8.30305,8.3113,0.97,0.97
2015.02.25 22:02:31.278,8.30316,8.3113,0.97,0.97
2015.02.25 22:02:31.370,8.30336,8.3116,0.97,0.97
2015.02.25 22:02:52.233,8.30247,8.31072,0.97,0.97
2015.02.25 22:03:12.350,8.30257,8.31082,0.97,0.97
2015.02.25 22:03:32.367,8.30314,8.31102,0.97,0.97
2015.02.25 22:03:32.418,8.30314,8.31139,0.97,0.97
2015.02.25 22:03:53.343,8.30315,8.3114,0.97,0.97
2015.02.25 22:04:14.370,8.30316,8.31141,1.30,1.30
2015.02.25 22:04:35.248,8.30309,8.31131,1.30,1.30
2015.02.25 22:05:15.545,8.30309,8.31133,1.30,1.30
2015.02.25 22:05:36.341,8.3029,8.31075,1.30,1.30
2015.02.25 22:05:36.391,8.30251,8.31075,1.30,1.30
2015.02.25 22:05:57.267,8.30257,8.31081,1.30,1.30
2015.02.25 22:06:18.313,8.30274,8.31097,1.30,1.30
2015.02.25 22:06:38.441,8.30274,8.31064,1.30,1.30
2015.02.25 22:06:38.491,8.3022,8.31044,1.30,1.30
2015.02.25 22:06:49.087,8.3022,8.3064,1.30,0.75
2015.02.25 22:06:49.189,8.30031,8.3064,1.00,1.00
2015.02.25 22:06:49.239,8.30031,8.3064,1.00,1.19
2015.02.25 22:06:49.290,8.29758,8.30401,2.05,1.00
2015.02.25 22:06:49.341,8.29758,8.30401,1.30,1.00
2015.02.25 22:06:49.543,8.29758,8.30387,1.30,1.00
2015.02.25 22:06:50.105,8.29758,8.30357,1.30,1.00
2015.02.25 22:06:50.818,8.29758,8.30355,1.30,1.00
2015.02.25 22:06:56.649,8.29758,8.30339,1.30,1.00
2015.02.25 22:06:57.780,8.29681,8.30332,1.19,1.00
2015.02.25 22:06:57.881,8.29661,8.30311,1.19,1.00
2015.02.25 22:06:58.430,8.29661,8.3031,1.00,1.00
2015.02.25 22:07:01.709,8.29654,8.30303,1.00,1.00
2015.02.25 22:07:02.039,8.29661,8.3031,1.00,1.00
2015.02.25 22:07:03.723,8.29654,8.30303,1.00,1.00
2015.02.25 22:07:07.985,8.29645,8.30269,1.00,1.00
2015.02.25 22:07:10.029,8.29645,8.30294,1.00,1.00
2015.02.25 22:07:10.080,8.2964,8.30288,1.00,1.00
2015.02.25 22:07:10.398,8.2969,8.3034,1.00,1.00
2015.02.25 22:07:10.654,8.29695,8.30344,1.00,1.00
2015.02.25 22:07:11.828,8.29708,8.30357,1.00,1.00
2015.02.25 22:07:13.710,8.29723,8.30372,1.00,1.00
2015.02.25 22:07:18.447,8.29723,8.30371,1.00,1.00
2015.02.25 22:07:23.051,8.2971,8.30358,1.00,1.00
2015.02.25 22:07:26.152,8.29701,8.30349,1.00,1.00
2015.02.25 22:07:28.328,8.29702,8.30348,1.00,1.00
2015.02.25 22:07:32.068,8.29736,8.3038,1.00,1.00
2015.02.25 22:07:32.954,8.29758,8.30397,1.00,1.00
2015.02.25 22:07:34.048,8.29764,8.30403,1.00,1.00
2015.02.25 22:07:37.348,8.29732,8.3037,1.00,1.00
2015.02.25 22:07:37.500,8.29697,8.30336,1.00,1.00
2015.02.25 22:07:38.339,8.29712,8.3035,1.00,1.00
2015.02.25 22:07:40.318,8.29721,8.30359,1.00,1.00
2015.02.25 22:07:41.341,8.29743,8.30375,1.00,1.00
2015.02.25 22:07:41.841,8.29766,8.30375,1.00,1.00
2015.02.25 22:07:45.377,8.29744,8.30375,1.00,1.00
2015.02.25 22:07:45.528,8.2971,8.30349,1.00,1.00
2015.02.25 22:07:50.669,8.29728,8.30352,1.00,1.00
2015.02.25 22:07:54.178,8.29734,8.30358,1.00,1.00
2015.02.25 22:07:58.359,8.29734,8.30357,1.00,1.00
2015.02.25 22:08:00.008,8.29721,8.30344,1.00,1.00
2015.02.25 22:08:10.678,8.29723,8.30345,1.00,1.00
2015.02.25 22:08:13.078,8.29723,8.30345,1.00,1.19
2015.02.25 22:08:13.229,8.29371,8.29996,1.07,1.00
2015.02.25 22:08:13.280,8.29371,8.29996,1.00,1.00
2015.02.25 22:08:13.432,8.29374,8.30001,1.75,1.00
2015.02.25 22:08:13.742,8.2936,8.29989,1.94,1.00
2015.02.25 22:08:14.967,8.29358,8.29986,1.94,1.00
2015.02.25 22:08:15.392,8.29358,8.29986,1.75,1.00
2015.02.25 22:08:15.443,8.29359,8.29988,1.75,1.00
2015.02.25 22:08:15.847,8.29358,8.29986,1.75,1.00
2015.02.25 22:08:24.097,8.29349,8.29977,1.94,1.00
2015.02.25 22:08:30.850,8.29364,8.29917,1.75,1.00
2015.02.25 22:08:31.206,8.29388,8.29776,1.00,1.00
2015.02.25 22:08:31.257,8.29359,8.29776,1.19,1.00
2015.02.25 22:08:32.059,8.29393,8.29776,1.00,1.00
2015.02.25 22:08:32.261,8.29669,8.30298,1.00,1.00
2015.02.25 22:08:32.362,8.29665,8.30303,1.00,1.00
2015.02.25 22:08:38.398,8.29664,8.30303,1.00,1.00
2015.02.25 22:08:54.236,8.29677,8.30316,1.00,1.00
2015.02.25 22:08:57.096,8.29665,8.30306,1.00,1.00
2015.02.25 22:08:57.247,8.29652,8.30288,1.00,1.00
2015.02.25 22:08:58.417,8.29639,8.30276,1.00,1.00
2015.02.25 22:09:08.316,8.29639,8.30275,1.00,1.00
2015.02.25 22:09:12.167,8.29641,8.30274,1.00,1.00
2015.02.25 22:09:12.958,8.29654,8.30287,1.00,1.00
2015.02.25 22:09:14.195,8.29672,8.30299,1.00,1.00
2015.02.25 22:09:15.357,8.2967,8.30297,1.00,1.00
2015.02.25 22:09:15.796,8.29672,8.30299,1.00,1.00
2015.02.25 22:09:17.128,8.29671,8.30297,1.00,1.00
2015.02.25 22:09:35.485,8.29671,8.30296,1.00,1.00
2015.02.25 22:09:36.326,8.29671,8.30296,1.00,1.19
2015.02.25 22:09:36.376,8.29603,8.30095,1.30,1.00
2015.02.25 22:09:36.428,8.2947,8.30017,1.00,1.19
2015.02.25 22:09:36.479,8.29347,8.29938,2.05,1.00
2015.02.25 22:09:36.630,8.29347,8.29936,2.05,1.00
2015.02.25 22:09:36.831,8.29347,8.30017,2.05,1.00
2015.02.25 22:09:36.882,8.29347,8.29977,2.05,1.00
2015.02.25 22:09:37.263,8.29218,8.29977,2.05,1.19
2015.02.25 22:09:37.506,8.29218,8.29977,2.05,1.19
2015.02.25 22:09:37.607,8.29218,8.29977,1.30,1.19
2015.02.25 22:09:37.759,8.29086,8.2991,2.05,1.49
2015.02.25 22:09:37.809,8.29086,8.2991,2.05,1.49
2015.02.25 22:09:38.912,8.29086,8.29738,2.05,1.00
2015.02.25 22:09:40.816,8.29086,8.29738,2.05,1.00
2015.02.25 22:09:49.342,8.29086,8.29738,2.05,1.00
2015.02.25 22:09:49.393,8.29086,8.29646,2.05,1.00
2015.02.25 22:09:49.443,8.29086,8.29646,2.05,1.00
2015.02.25 22:09:49.544,8.29086,8.29646,2.05,1.00
2015.02.25 22:09:49.644,8.29086,8.29646,1.30,1.00
2015.02.25 22:09:49.745,8.29086,8.29646,2.05,1.00
2015.02.25 22:09:49.845,8.29086,8.29646,1.30,1.00
2015.02.25 22:09:49.946,8.29086,8.29646,2.05,1.00
2015.02.25 22:09:50.046,8.29086,8.29646,1.30,1.00
2015.02.25 22:09:51.047,8.29086,8.29646,2.05,1.00
2015.02.25 22:09:51.649,8.29086,8.29646,2.05,1.00
2015.02.25 22:09:57.058,8.29086,8.29646,2.05,1.00
2015.02.25 22:09:58.617,8.29137,8.29738,1.75,1.19
2015.02.25 22:09:58.668,8.29137,8.29738,1.94,1.00
2015.02.25 22:09:58.769,8.29173,8.29757,1.75,1.00
2015.02.25 22:10:00.268,8.29173,8.29747,1.75,1.00
2015.02.25 22:10:02.167,8.29152,8.29747,1.75,1.00
2015.02.25 22:10:02.304,8.29152,8.29747,1.75,1.00
2015.02.25 22:10:02.355,8.29157,8.29757,1.75,1.00
2015.02.25 22:10:02.406,8.29157,8.29757,1.75,1.00
2015.02.25 22:10:02.562,8.29157,8.29747,1.75,1.00
2015.02.25 22:10:02.870,8.29157,8.29747,1.75,1.00
2015.02.25 22:10:03.011,8.29157,8.29747,1.75,1.00
2015.02.25 22:10:03.170,8.29157,8.29747,1.75,1.00
2015.02.25 22:10:03.271,8.29157,8.29747,1.75,1.00
2015.02.25 22:10:03.472,8.29157,8.29747,1.94,1.00
2015.02.25 22:10:03.572,8.29157,8.29747,1.94,1.00
2015.02.25 22:10:03.772,8.29157,8.29747,1.94,1.00
2015.02.25 22:10:03.887,8.29157,8.29747,1.94,1.00
2015.02.25 22:10:04.073,8.29157,8.29747,1.94,1.00
2015.02.25 22:10:04.216,8.29157,8.29747,1.94,1.00
2015.02.25 22:10:04.374,8.29157,8.29747,1.94,1.00
2015.02.25 22:10:04.474,8.29157,8.29747,1.94,1.00
2015.02.25 22:10:04.674,8.29157,8.29747,1.94,1.00
2015.02.25 22:10:04.775,8.29157,8.29747,1.94,1.00
2015.02.25 22:10:04.975,8.29157,8.29747,1.94,1.00
2015.02.25 22:10:05.075,8.29157,8.29747,1.94,1.00
2015.02.25 22:10:05.276,8.29157,8.29747,1.94,1.00
2015.02.25 22:10:05.384,8.29157,8.29747,1.94,1.00
2015.02.25 22:10:05.577,8.29157,8.29747,1.75,1.00
2015.02.25 22:10:05.676,8.29157,8.29747,1.75,1.00
2015.02.25 22:10:05.877,8.29157,8.29747,1.75,1.00
2015.02.25 22:10:05.977,8.29157,8.29747,1.75,1.00
2015.02.25 22:10:06.177,8.29154,8.29747,1.94,1.00
2015.02.25 22:10:06.278,8.29154,8.29747,1.94,1.00
2015.02.25 22:10:06.478,8.29154,8.29747,1.94,1.00
2015.02.25 22:10:06.585,8.29154,8.29747,1.94,1.00
2015.02.25 22:10:06.779,8.29154,8.29747,1.94,1.00
2015.02.25 22:10:06.880,8.29154,8.29747,1.94,1.00
2015.02.25 22:10:07.087,8.29154,8.29747,1.94,1.00
2015.02.25 22:10:07.180,8.29154,8.29747,1.94,1.00
2015.02.25 22:10:07.380,8.29154,8.29747,1.94,1.00
2015.02.25 22:10:07.480,8.29154,8.29747,1.94,1.00
2015.02.25 22:10:07.581,8.29154,8.29747,1.94,1.00
2015.02.25 22:10:07.681,8.29154,8.29747,1.94,1.00
2015.02.25 22:10:07.781,8.29154,8.29747,1.94,1.00
2015.02.25 22:10:08.013,8.29154,8.29747,1.94,1.00
2015.02.25 22:10:08.082,8.29154,8.29747,1.94,1.00
2015.02.25 22:10:08.314,8.29154,8.29747,1.75,1.00
2015.02.25 22:10:08.383,8.29154,8.29747,1.75,1.00
2015.02.25 22:10:08.583,8.29154,8.29747,1.75,1.00
2015.02.25 22:10:08.683,8.29154,8.29747,1.75,1.00
2015.02.25 22:10:08.884,8.29154,8.29747,1.75,1.00
2015.02.25 22:10:08.984,8.29154,8.29747,1.75,1.00
2015.02.25 22:10:09.184,8.29154,8.29747,1.75,1.00
2015.02.25 22:10:09.285,8.29154,8.29747,1.75,1.00
2015.02.25 22:10:09.485,8.29154,8.29747,1.75,1.00
2015.02.25 22:10:09.586,8.29154,8.29747,1.75,1.00
2015.02.25 22:10:09.786,8.29154,8.29747,1.75,1.00
2015.02.25 22:10:09.894,8.29154,8.29747,1.75,1.00
2015.02.25 22:10:10.037,8.29178,8.29747,1.00,1.00
2015.02.25 22:10:10.245,8.29163,8.29747,1.75,1.00
2015.02.25 22:10:10.405,8.29163,8.29747,1.75,1.00
2015.02.25 22:10:10.515,8.29181,8.29747,1.00,1.00
2015.02.25 22:10:10.575,8.29163,8.29747,1.75,1.00
2015.02.25 22:10:10.735,8.29163,8.29747,1.75,1.00
2015.02.25 22:10:10.789,8.29163,8.29747,1.75,1.00
2015.02.25 22:10:10.889,8.29163,8.29747,1.75,1.00
2015.02.25 22:10:11.090,8.29164,8.29747,1.75,1.00
2015.02.25 22:10:11.190,8.29164,8.29747,1.75,1.00
2015.02.25 22:10:11.394,8.29163,8.29747,1.75,1.00
2015.02.25 22:10:11.504,8.29163,8.29747,1.75,1.00
2015.02.25 22:10:11.691,8.29164,8.29747,1.75,1.00
2015.02.25 22:10:11.834,8.29163,8.29747,2.25,1.00
2015.02.25 22:10:11.892,8.29163,8.29747,2.25,1.00
2015.02.25 22:10:12.093,8.29163,8.29747,2.25,1.00
2015.02.25 22:10:12.193,8.29163,8.29747,2.25,1.00
2015.02.25 22:10:12.393,8.29163,8.29747,2.25,1.00
2015.02.25 22:10:12.494,8.29164,8.29747,1.75,1.00
2015.02.25 22:10:12.604,8.29163,8.29747,1.75,1.00
2015.02.25 22:10:12.794,8.29163,8.29747,2.25,1.00
2015.02.25 22:10:12.918,8.29164,8.29747,1.75,1.00
2015.02.25 22:10:13.019,8.29164,8.29747,1.75,1.00
2015.02.25 22:10:13.121,8.29164,8.29747,1.75,1.00
2015.02.25 22:10:13.222,8.29164,8.29747,1.75,1.00
2015.02.25 22:10:13.323,8.29164,8.29747,1.00,1.00
2015.02.25 22:10:13.424,8.29164,8.29747,1.75,1.00
2015.02.25 22:10:13.526,8.29164,8.29747,1.00,1.00
2015.02.25 22:10:13.740,8.29163,8.29747,2.25,1.00
2015.02.25 22:10:13.841,8.29163,8.29747,1.50,1.00
2015.02.25 22:10:13.942,8.29164,8.29747,1.75,1.00
2015.02.25 22:10:14.043,8.29164,8.29747,1.00,1.00
2015.02.25 22:10:14.244,8.29163,8.29747,2.25,1.00
2015.02.25 22:10:14.345,8.29163,8.29747,1.50,1.00
2015.02.25 22:10:14.446,8.29163,8.29747,2.25,1.00
2015.02.25 22:10:14.548,8.29163,8.29747,1.50,1.00
2015.02.25 22:10:14.999,8.29163,8.29747,2.25,1.00
2015.02.25 22:10:15.134,8.29163,8.29747,1.50,1.00
2015.02.25 22:10:15.244,8.29163,8.29747,2.25,1.00
2015.02.25 22:10:15.447,8.29163,8.29747,1.50,1.00
2015.02.25 22:10:15.548,8.29163,8.29747,2.25,1.00
2015.02.25 22:10:15.650,8.29163,8.29747,1.00,1.00
2015.02.25 22:10:15.751,8.29163,8.29747,1.75,1.00
2015.02.25 22:10:15.801,8.29163,8.29747,1.00,1.00
2015.02.25 22:10:15.904,8.29163,8.29747,2.25,1.00
2015.02.25 22:10:16.124,8.29163,8.29747,1.00,1.00
2015.02.25 22:10:16.234,8.29163,8.29747,1.75,1.00
2015.02.25 22:10:16.301,8.29163,8.29747,1.00,1.00
2015.02.25 22:10:16.402,8.29163,8.29747,1.75,1.00
2015.02.25 22:10:16.503,8.29163,8.29747,1.50,1.00
2015.02.25 22:10:16.705,8.29163,8.29747,1.75,1.00
2015.02.25 22:10:16.806,8.29163,8.29747,1.00,1.00
2015.02.25 22:10:16.907,8.29163,8.29747,1.75,1.00
2015.02.25 22:10:17.008,8.29163,8.29747,1.00,1.00
2015.02.25 22:10:17.210,8.29163,8.29747,1.75,1.00
2015.02.25 22:10:17.311,8.29163,8.29747,1.00,1.00
2015.02.25 22:10:17.412,8.29163,8.29747,1.75,1.00
2015.02.25 22:10:17.513,8.29163,8.29747,1.00,1.00
2015.02.25 22:10:17.613,8.29163,8.29747,1.75,1.00
2015.02.25 22:10:17.815,8.29163,8.29747,1.94,1.00
2015.02.25 22:10:17.916,8.29173,8.29747,1.75,1.00
2015.02.25 22:10:18.016,8.29173,8.29747,1.37,1.00
2015.02.25 22:10:18.206,8.29173,8.29747,1.75,1.00
2015.02.25 22:10:18.308,8.29173,8.29747,1.37,1.00
2015.02.25 22:10:18.409,8.29193,8.29747,2.05,1.00
2015.02.25 22:10:18.611,8.29193,8.29747,1.30,1.00
2015.02.25 22:10:18.712,8.29193,8.29747,2.05,1.00
2015.02.25 22:10:18.913,8.29193,8.29747,1.30,1.00
2015.02.25 22:10:19.014,8.29193,8.29747,2.05,1.00
2015.02.25 22:10:19.115,8.29193,8.29747,1.30,1.00
2015.02.25 22:10:19.209,8.29193,8.29747,2.05,1.00
2015.02.25 22:10:19.310,8.29193,8.29747,1.30,1.00
2015.02.25 22:10:19.527,8.29193,8.29747,2.05,1.00
2015.02.25 22:10:19.628,8.29193,8.29747,1.30,1.00
2015.02.25 22:10:19.829,8.29193,8.29747,2.05,1.00
2015.02.25 22:10:19.930,8.29193,8.29747,1.30,1.00
2015.02.25 22:10:20.031,8.29193,8.29747,2.05,1.00
2015.02.25 22:10:20.132,8.29193,8.29747,1.30,1.00
2015.02.25 22:10:20.334,8.29193,8.29747,2.05,1.00
2015.02.25 22:10:20.435,8.29193,8.29747,1.30,1.00
2015.02.25 22:10:20.536,8.29193,8.29747,2.05,1.00
2015.02.25 22:10:20.737,8.29193,8.29747,1.30,1.00
2015.02.25 22:10:20.838,8.29193,8.29747,2.05,1.00
2015.02.25 22:10:20.939,8.29193,8.29747,1.30,1.00
2015.02.25 22:10:21.014,8.29193,8.29747,2.05,1.00
2015.02.25 22:10:21.115,8.29193,8.29747,1.30,1.00
2015.02.25 22:10:22.487,8.29193,8.29737,1.30,1.00
2015.02.25 22:10:22.714,8.29056,8.29617,1.30,1.00
2015.02.25 22:10:22.815,8.28911,8.29627,1.30,1.00
2015.02.25 22:10:31.084,8.28911,8.29616,1.30,1.00
2015.02.25 22:10:37.097,8.28971,8.29616,1.00,1.00
2015.02.25 22:10:37.152,8.28971,8.29667,1.00,1.19
2015.02.25 22:10:39.448,8.28971,8.29667,1.00,1.00
2015.02.25 22:10:39.620,8.2899,8.29667,1.00,1.00
2015.02.25 22:10:40.605,8.29004,8.29667,1.00,1.00
2015.02.25 22:10:42.967,8.29006,8.29667,1.30,1.00
2015.02.25 22:10:46.584,8.29006,8.29666,1.30,1.00
2015.02.25 22:10:46.634,8.2897,8.29666,1.00,1.00
2015.02.25 22:10:46.685,8.28957,8.29637,1.00,1.00
2015.02.25 22:10:47.040,8.28942,8.29622,1.00,1.00
2015.02.25 22:10:48.303,8.28929,8.29606,1.00,1.00
2015.02.25 22:10:49.267,8.2893,8.29607,1.00,1.00
2015.02.25 22:10:50.318,8.28997,8.29675,1.00,1.00
2015.02.25 22:10:50.419,8.29018,8.29688,1.00,1.49
2015.02.25 22:10:50.721,8.29018,8.29688,1.00,1.49
2015.02.25 22:10:51.314,8.29079,8.29688,1.00,1.49
2015.02.25 22:10:52.808,8.29079,8.29688,1.00,1.30
2015.02.25 22:10:52.924,8.29072,8.29688,1.00,1.30
2015.02.25 22:10:54.918,8.29128,8.29688,1.00,1.30
2015.02.25 22:10:54.969,8.29128,8.29707,1.00,1.00
2015.02.25 22:10:55.019,8.29146,8.29707,1.00,1.00
2015.02.25 22:10:58.533,8.2914,8.29707,1.00,1.00
2015.02.25 22:11:01.944,8.29149,8.29707,1.00,1.00
2015.02.25 22:11:01.995,8.29149,8.29717,1.00,1.00
2015.02.25 22:11:04.143,8.29157,8.29717,1.00,1.00
2015.02.25 22:11:08.467,8.29163,8.29717,1.00,1.00
2015.02.25 22:11:09.093,8.29171,8.29717,1.00,1.00
2015.02.25 22:11:09.881,8.29178,8.29717,1.00,1.00
2015.02.25 22:11:09.932,8.29178,8.29725,1.00,1.00
2015.02.25 22:11:10.746,8.29182,8.29725,1.00,1.00
2015.02.25 22:11:16.716,8.29147,8.29725,1.00,1.00
2015.02.25 22:11:18.333,8.29138,8.29725,1.00,1.00
2015.02.25 22:11:20.093,8.29131,8.29725,1.00,1.00
2015.02.25 22:11:30.282,8.29131,8.29717,1.00,1.00
2015.02.25 22:11:30.333,8.29046,8.29678,1.30,1.00
2015.02.25 22:11:30.384,8.29046,8.29657,1.30,1.19
2015.02.25 22:11:30.434,8.29,8.29645,1.00,1.19
2015.02.25 22:11:30.485,8.29,8.29327,1.00,1.00
2015.02.25 22:11:30.586,8.2899,8.29327,1.00,1.00
2015.02.25 22:11:30.652,8.28979,8.29327,1.00,1.00
2015.02.25 22:11:30.872,8.28987,8.29327,1.00,1.00
2015.02.25 22:11:31.092,8.28974,8.29327,1.00,1.00
2015.02.25 22:11:31.329,8.28964,8.29327,1.00,1.00
2015.02.25 22:11:31.972,8.28945,8.29327,1.00,1.00
2015.02.25 22:11:32.661,8.28936,8.29327,1.00,1.00
2015.02.25 22:11:33.402,8.28928,8.29327,1.00,1.00
2015.02.25 22:11:33.748,8.28918,8.29327,1.00,1.00
2015.02.25 22:11:38.465,8.28917,8.29327,1.00,1.00
2015.02.25 22:11:45.591,8.28917,8.29269,1.00,1.00
2015.02.25 22:11:45.641,8.28913,8.29269,1.00,1.00
2015.02.25 22:11:49.869,8.28867,8.29269,1.30,1.00
2015.02.25 22:11:49.920,8.2887,8.29269,1.00,1.00
2015.02.25 22:11:50.239,8.2887,8.29225,1.00,1.00
2015.02.25 22:11:50.684,8.28863,8.29225,1.50,1.00
2015.02.25 22:11:52.672,8.28863,8.29196,1.00,1.00
2015.02.25 22:11:55.729,8.28883,8.29196,1.00,1.00
2015.02.25 22:11:56.694,8.28863,8.29196,1.00,1.00
2015.02.25 22:11:56.795,8.28863,8.29249,1.00,1.00
2015.02.25 22:11:58.833,8.28869,8.29249,1.00,1.00
2015.02.25 22:11:59.913,8.28877,8.29249,1.00,1.00
2015.02.25 22:12:00.282,8.28877,8.29216,1.00,1.00
2015.02.25 22:12:00.608,8.2886,8.29216,1.00,1.00
2015.02.25 22:12:00.735,8.28854,8.29162,1.00,1.00
2015.02.25 22:12:00.902,8.28852,8.29162,1.00,1.00
2015.02.25 22:12:01.452,8.28841,8.29162,1.00,1.00
2015.02.25 22:12:01.793,8.28829,8.29162,1.00,1.00
2015.02.25 22:12:02.112,8.28849,8.29162,1.00,1.00
2015.02.25 22:12:04.312,8.28813,8.29162,1.00,1.00
2015.02.25 22:12:04.463,8.28812,8.29124,1.00,1.00
2015.02.25 22:12:05.082,8.28802,8.29124,1.00,1.00
2015.02.25 22:12:05.742,8.28789,8.29124,1.19,1.00
2015.02.25 22:12:06.601,8.28789,8.29124,1.00,1.00
2015.02.25 22:12:10.801,8.28811,8.29124,1.00,1.00
2015.02.25 22:12:11.152,8.28843,8.29168,1.00,1.00
2015.02.25 22:12:18.281,8.28861,8.29168,1.00,1.00
2015.02.25 22:12:22.792,8.28868,8.29168,1.00,1.00
2015.02.25 22:12:32.582,8.28876,8.29168,1.00,1.00
2015.02.25 22:12:34.787,8.28868,8.29168,1.00,1.00
2015.02.25 22:12:36.982,8.28861,8.29168,1.00,1.00
2015.02.25 22:12:47.905,8.28861,8.29213,1.00,1.00
2015.02.25 22:12:48.005,8.28868,8.29213,1.00,1.00
2015.02.25 22:12:48.421,8.28876,8.29213,1.00,1.00
2015.02.25 22:12:59.348,8.28916,8.29272,1.00,1.00
2015.02.25 22:12:59.756,8.28897,8.29212,1.00,1.00
2015.02.25 22:13:00.559,8.28884,8.29193,1.00,1.00
2015.02.25 22:13:08.331,8.28886,8.29193,1.00,1.00
2015.02.25 22:13:21.421,8.28879,8.29193,1.00,1.00
2015.02.25 22:13:26.404,8.28879,8.29224,1.00,1.00
2015.02.25 22:13:28.460,8.28881,8.29224,1.00,1.00
2015.02.25 22:13:33.107,8.28894,8.29224,1.00,1.00
2015.02.25 22:13:38.250,8.28897,8.29224,1.00,1.00
2015.02.25 22:13:46.610,8.28905,8.29224,1.00,1.00
2015.02.25 22:13:46.941,8.28932,8.29222,1.00,1.00
2015.02.25 22:13:47.830,8.28948,8.29222,1.00,1.00
2015.02.25 22:13:49.030,8.28959,8.29222,1.00,1.00
2015.02.25 22:13:49.277,8.28959,8.29245,1.00,1.00
2015.02.25 22:13:49.360,8.28953,8.29245,1.00,1.00
2015.02.25 22:14:02.230,8.28963,8.29245,1.00,1.00
2015.02.25 22:14:08.390,8.28957,8.29245,1.00,1.00
2015.02.25 22:14:16.022,8.28914,8.29141,1.00,1.00
2015.02.25 22:14:16.123,8.28854,8.29123,1.00,1.00
2015.02.25 22:14:16.323,8.28841,8.29123,1.00,1.00
2015.02.25 22:14:18.520,8.28922,8.29214,1.00,1.00
2015.02.25 22:14:38.490,8.28953,8.29245,1.00,1.00
2015.02.25 22:14:39.228,8.28913,8.29196,1.00,1.00
2015.02.25 22:14:39.278,8.28904,8.29196,1.50,1.00
2015.02.25 22:14:48.981,8.28904,8.29141,1.00,1.00
2015.02.25 22:14:49.083,8.28891,8.29141,1.00,1.00
2015.02.25 22:14:49.184,8.28856,8.29141,1.00,1.00
2015.02.25 22:14:49.235,8.28835,8.29123,1.00,1.00
2015.02.25 22:14:49.491,8.28844,8.29123,1.00,1.00
2015.02.25 22:14:49.971,8.28863,8.29123,1.00,1.00
2015.02.25 22:14:56.460,8.28863,8.29086,1.00,1.00
2015.02.25 22:14:56.561,8.28834,8.29086,1.00,1.00
2015.02.25 22:14:56.662,8.28843,8.29086,1.00,1.00
2015.02.25 22:14:57.089,8.28873,8.29086,1.00,1.00
2015.02.25 22:14:59.172,8.28853,8.29086,1.00,1.00
2015.02.25 22:15:00.271,8.28843,8.29086,1.00,1.00
2015.02.25 22:15:00.601,8.28839,8.29086,1.00,1.00
2015.02.25 22:15:00.652,8.28811,8.29055,1.00,1.00
2015.02.25 22:15:00.753,8.28791,8.29055,1.00,1.00
2015.02.25 22:15:01.079,8.28806,8.29055,1.00,1.00
2015.02.25 22:15:02.404,8.28818,8.2911,1.00,1.00
2015.02.25 22:15:03.434,8.28815,8.29084,1.00,1.00
2015.02.25 22:15:04.160,8.28828,8.2912,1.00,1.00
2015.02.25 22:15:04.734,8.28862,8.29152,1.00,1.00
2015.02.25 22:15:06.800,8.28876,8.29152,1.00,1.00
2015.02.25 22:15:06.951,8.289,8.29192,1.00,1.00
2015.02.25 22:15:07.578,8.28918,8.2921,1.00,1.00
2015.02.25 22:15:08.779,8.289,8.29192,1.00,1.00
2015.02.25 22:15:40.840,8.28903,8.29192,1.00,1.00
2015.02.25 22:16:00.992,8.28913,8.29192,1.00,1.00
2015.02.25 22:16:05.851,8.28903,8.29192,1.50,1.00
2015.02.25 22:16:05.902,8.28927,8.29219,1.00,1.00
2015.02.25 22:16:33.493,8.28918,8.29201,1.00,1.00
2015.02.25 22:16:35.403,8.28933,8.29201,1.00,1.00
2015.02.25 22:16:37.723,8.28923,8.29201,1.00,1.00
2015.02.25 22:16:38.119,8.28945,8.29237,1.00,1.00
2015.02.25 22:16:39.133,8.28953,8.29237,1.00,1.00
2015.02.25 22:16:40.140,8.28963,8.29237,1.00,1.00
2015.02.25 22:16:41.547,8.28973,8.29237,1.00,1.00
2015.02.25 22:16:46.157,8.28983,8.29237,1.00,1.00
2015.02.25 22:17:18.559,8.28993,8.29237,1.00,1.00
2015.02.25 22:17:19.018,8.29001,8.29291,1.00,1.00
2015.02.25 22:17:25.292,8.29019,8.29309,1.00,1.00
2015.02.25 22:17:52.878,8.29019,8.29307,1.00,1.00
2015.02.25 22:18:02.778,8.29019,8.29309,1.00,1.00
2015.02.25 22:18:02.997,8.29019,8.29307,1.00,1.00
2015.02.25 22:18:25.987,8.28996,8.29307,1.00,1.00
2015.02.25 22:18:26.629,8.28996,8.29336,1.00,1.00
2015.02.25 22:18:26.680,8.29037,8.29329,1.00,1.00
2015.02.25 22:18:28.727,8.29023,8.2931,1.00,1.00
2015.02.25 22:18:28.778,8.29018,8.2931,1.00,1.00
2015.02.25 22:19:28.969,8.29003,8.29346,1.50,1.00
2015.02.25 22:19:44.857,8.29003,8.29327,1.00,1.00
2015.02.25 22:20:13.571,8.29013,8.29347,1.00,1.00
2015.02.25 22:20:13.621,8.29037,8.29329,1.00,1.00
2015.02.25 22:20:15.590,8.29013,8.29292,1.00,1.00
2015.02.25 22:20:15.691,8.29004,8.29292,1.00,1.00
2015.02.25 22:20:16.566,8.29013,8.29292,1.00,1.00
2015.02.25 22:20:17.560,8.29003,8.29292,1.00,1.00
2015.02.25 22:20:18.561,8.29013,8.29292,1.00,1.00
2015.02.25 22:20:19.564,8.29003,8.29292,1.00,1.00
2015.02.25 22:20:20.972,8.29013,8.29292,1.00,1.00
2015.02.25 22:20:51.243,8.29023,8.29292,1.00,1.00
2015.02.25 22:21:05.588,8.29024,8.29292,1.00,1.00
2015.02.25 22:21:15.558,8.29024,8.29347,1.00,1.00
2015.02.25 22:21:16.376,8.29024,8.29317,1.00,1.00
2015.02.25 22:21:44.795,8.29014,8.29317,1.00,1.00
2015.02.25 22:21:44.858,8.29014,8.29307,1.00,1.00
2015.02.25 22:21:54.655,8.28993,8.29307,1.00,1.00
2015.02.25 22:21:54.805,8.28993,8.29297,1.00,1.00
2015.02.25 22:23:12.964,8.28993,8.29296,1.00,1.00
2015.02.25 22:23:22.534,8.28993,8.29307,1.00,1.00
2015.02.25 22:23:28.875,8.28981,8.29307,1.00,1.00
2015.02.25 22:23:29.027,8.28972,8.29307,1.00,1.00
2015.02.25 22:23:29.139,8.28972,8.29256,1.00,1.00
2015.02.25 22:23:33.364,8.28972,8.29236,1.00,1.00
2015.02.25 22:23:33.415,8.2895,8.29236,1.00,1.00
2015.02.25 22:23:36.116,8.2895,8.29216,1.00,1.00
2015.02.25 22:23:36.166,8.28943,8.29216,1.00,1.00
2015.02.25 22:23:54.404,8.28952,8.29216,1.00,1.00
2015.02.25 22:23:58.306,8.28952,8.29183,1.00,1.00
2015.02.25 22:23:58.408,8.28939,8.29183,1.00,1.00
2015.02.25 22:23:59.954,8.28923,8.29183,1.00,1.00
2015.02.25 22:24:08.263,8.28916,8.29183,1.00,1.00
2015.02.25 22:24:08.923,8.28942,8.29183,1.00,1.00
2015.02.25 22:24:11.124,8.28949,8.29183,1.00,1.00
2015.02.25 22:24:19.853,8.2898,8.29183,1.00,1.00
2015.02.25 22:24:20.283,8.2901,8.29183,1.00,1.00
2015.02.25 22:24:20.509,8.28997,8.29206,1.00,1.00
2015.02.25 22:24:20.711,8.28969,8.29206,1.00,1.00
2015.02.25 22:24:21.353,8.28975,8.29206,1.00,1.00
2015.02.25 22:24:21.793,8.28978,8.29206,1.00,1.00
2015.02.25 22:24:23.112,8.28969,8.29206,1.00,1.00
2015.02.25 22:24:23.477,8.2894,8.29206,1.00,1.00
2015.02.25 22:24:23.799,8.28932,8.29206,1.00,1.00
2015.02.25 22:24:25.030,8.28944,8.29206,1.00,1.00
2015.02.25 22:24:25.131,8.28923,8.29377,1.00,1.00
2015.02.25 22:24:25.232,8.28869,8.29693,2.05,1.30
2015.02.25 22:24:25.333,8.29039,8.29863,1.30,1.30
2015.02.25 22:24:26.327,8.29039,8.29863,1.49,1.30
2015.02.25 22:24:26.428,8.29039,8.29863,1.30,1.30
2015.02.25 22:24:29.226,8.29072,8.29863,1.00,1.30
2015.02.25 22:24:29.328,8.29226,8.3005,1.30,1.30
2015.02.25 22:24:49.313,8.29229,8.30051,1.30,1.30
2015.02.25 22:24:56.763,8.29108,8.29932,1.30,1.30
2015.02.25 22:24:58.022,8.29108,8.29782,1.30,2.10
2015.02.25 22:24:58.325,8.28965,8.29568,1.00,1.49
2015.02.25 22:24:58.426,8.28892,8.29557,1.00,1.00
2015.02.25 22:24:59.332,8.28892,8.29517,1.00,1.00
2015.02.25 22:24:59.433,8.28883,8.29517,1.00,1.00
2015.02.25 22:24:59.484,8.28875,8.29507,1.00,1.00
2015.02.25 22:24:59.995,8.28875,8.29308,1.00,1.00
2015.02.25 22:25:01.283,8.28882,8.29308,1.00,1.00
2015.02.25 22:25:03.485,8.28876,8.29308,1.00,1.00
2015.02.25 22:25:04.234,8.28876,8.29253,1.00,1.00
2015.02.25 22:25:04.284,8.28873,8.29253,1.00,1.00
2015.02.25 22:25:04.335,8.28854,8.29253,1.19,1.00
2015.02.25 22:25:04.486,8.28816,8.29253,1.00,1.00
2015.02.25 22:25:04.809,8.28823,8.29253,1.00,1.00
2015.02.25 22:25:08.534,8.28843,8.29253,1.00,1.00
2015.02.25 22:25:08.835,8.28863,8.29253,1.00,1.00
2015.02.25 22:25:11.454,8.28843,8.29253,1.00,1.00
2015.02.25 22:25:15.478,8.28853,8.29253,1.00,1.00
2015.02.25 22:25:17.489,8.28863,8.29253,1.00,1.00
2015.02.25 22:25:31.494,8.28853,8.29253,1.00,1.00
2015.02.25 22:25:51.500,8.28864,8.29253,1.00,1.00
2015.02.25 22:25:56.371,8.28865,8.29253,1.00,1.00
2015.02.25 22:26:05.700,8.28865,8.29267,1.00,1.00
2015.02.25 22:26:08.361,8.28876,8.29267,1.00,1.00
2015.02.25 22:26:12.431,8.28885,8.29267,1.00,1.00
2015.02.25 22:26:14.521,8.28892,8.29267,1.00,1.00
2015.02.25 22:26:15.283,8.28892,8.29257,1.00,1.00
2015.02.25 22:26:16.536,8.28905,8.29257,1.00,1.00
2015.02.25 22:26:16.862,8.28899,8.29257,1.00,1.00
2015.02.25 22:26:19.351,8.28899,8.29227,1.00,1.00
2015.02.25 22:26:21.451,8.28873,8.29227,1.00,1.00
2015.02.25 22:26:21.583,8.28873,8.29217,1.00,1.00
2015.02.25 22:26:21.684,8.28813,8.29217,1.19,1.00
2015.02.25 22:26:22.431,8.28813,8.29217,1.00,1.00
2015.02.25 22:26:24.852,8.28813,8.29263,1.00,1.00
2015.02.25 22:26:24.953,8.287,8.29524,2.05,1.30
2015.02.25 22:26:25.054,8.28942,8.29767,1.30,1.30
2015.02.25 22:26:35.851,8.29061,8.29885,1.30,1.30
2015.02.25 22:26:41.571,8.29061,8.29871,1.30,2.29
2015.02.25 22:26:41.672,8.28991,8.29605,1.00,1.49
2015.02.25 22:26:41.723,8.28876,8.29527,1.75,1.00
2015.02.25 22:26:41.824,8.28869,8.29521,1.00,1.00
2015.02.25 22:26:43.121,8.28867,8.29518,1.00,1.00
2015.02.25 22:26:44.154,8.28854,8.29505,1.00,1.00
2015.02.25 22:26:44.543,8.28854,8.29505,1.19,1.00
2015.02.25 22:26:45.415,8.28854,8.29497,1.19,1.00
2015.02.25 22:26:46.174,8.28843,8.29477,1.19,1.00
2015.02.25 22:26:46.499,8.28783,8.29207,1.00,1.00
2015.02.25 22:26:47.652,8.28803,8.29207,1.00,1.00
2015.02.25 22:26:49.637,8.28813,8.29207,1.00,1.00
2015.02.25 22:26:57.120,8.28813,8.29217,1.00,1.00
2015.02.25 22:26:57.171,8.28824,8.29217,1.00,1.00
2015.02.25 22:26:58.173,8.28833,8.29217,1.00,1.00
2015.02.25 22:27:08.124,8.28844,8.29217,1.00,1.00
2015.02.25 22:27:14.242,8.28833,8.29217,1.00,1.00
2015.02.25 22:27:14.347,8.28793,8.29217,1.00,1.00
2015.02.25 22:27:16.150,8.28803,8.29237,1.00,1.00
2015.02.25 22:27:17.184,8.28833,8.29237,1.00,1.00
2015.02.25 22:27:18.175,8.28853,8.29237,1.00,1.00
2015.02.25 22:27:20.179,8.28873,8.29237,1.00,1.00
2015.02.25 22:27:22.831,8.29003,8.29278,1.00,1.00
2015.02.25 22:27:22.983,8.29003,8.2951,1.00,1.30
2015.02.25 22:27:23.034,8.29003,8.298,1.00,1.67
2015.02.25 22:27:23.135,8.29122,8.29944,1.30,1.30
2015.02.25 22:27:26.329,8.29122,8.29944,1.30,1.90
2015.02.25 22:27:26.632,8.28894,8.29617,1.19,1.19
2015.02.25 22:27:28.684,8.28894,8.29618,1.19,1.19
2015.02.25 22:27:31.660,8.28903,8.29617,1.19,1.19
2015.02.25 22:27:32.115,8.28913,8.29567,1.19,1.00
2015.02.25 22:27:32.336,8.28913,8.29577,1.19,1.00
2015.02.25 22:27:32.689,8.28913,8.29547,1.19,1.00
2015.02.25 22:27:33.148,8.28913,8.29537,1.19,1.00
2015.02.25 22:27:33.600,8.28913,8.29517,1.19,1.00
2015.02.25 22:27:34.165,8.28913,8.29497,1.19,1.00
2015.02.25 22:27:34.658,8.28913,8.29487,1.19,1.00
2015.02.25 22:27:37.169,8.28913,8.29487,1.19,1.00
2015.02.25 22:27:37.674,8.28913,8.29497,1.19,1.00
2015.02.25 22:27:40.074,8.28913,8.29497,1.00,1.00
2015.02.25 22:27:50.893,8.28913,8.29357,1.00,1.00
2015.02.25 22:27:51.949,8.28933,8.29357,1.00,1.00
2015.02.25 22:27:52.947,8.28943,8.29357,1.00,1.00
2015.02.25 22:27:55.223,8.28953,8.29357,1.00,1.00
2015.02.25 22:28:32.349,8.28953,8.29337,1.00,1.00
2015.02.25 22:28:32.450,8.28871,8.29337,1.19,1.00
2015.02.25 22:28:34.768,8.28862,8.29337,1.19,1.00
2015.02.25 22:28:36.340,8.28862,8.29431,1.19,1.00
2015.02.25 22:28:36.391,8.28884,8.29507,1.00,1.00
2015.02.25 22:28:36.442,8.28884,8.29497,1.00,1.00
2015.02.25 22:28:36.493,8.28878,8.29497,1.19,1.00
2015.02.25 22:28:36.544,8.289,8.29497,1.00,1.00
2015.02.25 22:28:38.225,8.289,8.29497,1.19,1.00
2015.02.25 22:28:40.380,8.28908,8.29497,1.19,1.00
2015.02.25 22:28:42.594,8.28908,8.29497,1.19,1.00
2015.02.25 22:28:45.248,8.28908,8.29487,1.19,1.00
2015.02.25 22:28:46.391,8.28908,8.29487,1.19,1.00
2015.02.25 22:28:48.528,8.28901,8.29487,1.19,1.00
2015.02.25 22:28:50.599,8.28901,8.29487,1.19,1.00
2015.02.25 22:28:54.006,8.28908,8.29487,1.19,1.00
2015.02.25 22:28:57.011,8.28901,8.29487,1.19,1.00
2015.02.25 22:28:59.115,8.28901,8.29487,1.00,1.00
2015.02.25 22:29:07.683,8.28914,8.29487,1.00,1.00
2015.02.25 22:29:09.528,8.28907,8.29487,1.00,1.00
2015.02.25 22:29:10.637,8.28907,8.29487,1.19,1.00
2015.02.25 22:29:13.241,8.28907,8.29487,1.19,1.00
2015.02.25 22:29:18.659,8.28944,8.29467,1.19,1.00
2015.02.25 22:29:19.153,8.28952,8.29467,1.19,1.00
2015.02.25 22:29:20.961,8.28952,8.29437,1.19,1.00
2015.02.25 22:29:21.558,8.28952,8.29437,1.19,1.00
2015.02.25 22:29:24.592,8.28952,8.29417,1.19,1.00
2015.02.25 22:29:26.867,8.28952,8.29417,1.19,1.00
2015.02.25 22:29:32.277,8.28952,8.29417,1.19,1.00
2015.02.25 22:29:34.706,8.28952,8.29417,1.19,1.00
2015.02.25 22:29:38.690,8.28952,8.29417,1.00,1.00
2015.02.25 22:29:40.493,8.28952,8.29417,1.19,1.00
2015.02.25 22:29:44.602,8.28952,8.29417,1.19,1.00
2015.02.25 22:29:48.408,8.2896,8.29417,1.19,1.00
2015.02.25 22:29:51.048,8.28962,8.29417,1.19,1.00
2015.02.25 22:29:52.417,8.28962,8.29416,1.19,1.00
2015.02.25 22:29:54.119,8.28962,8.29416,1.19,1.00
2015.02.25 22:29:54.323,8.28962,8.29476,1.19,1.00
2015.02.25 22:29:54.424,8.28948,8.29487,1.19,1.00
2015.02.25 22:29:56.425,8.28924,8.29487,1.19,1.00
2015.02.25 22:29:58.430,8.28917,8.29487,1.19,1.00
2015.02.25 22:30:00.283,8.28902,8.29487,1.19,1.75
2015.02.25 22:30:02.645,8.28902,8.29487,1.19,1.75
2015.02.25 22:30:03.549,8.28902,8.29487,1.00,1.75
2015.02.25 22:30:05.555,8.28902,8.29487,1.19,1.75
2015.02.25 22:30:06.158,8.28902,8.29487,1.19,1.75
2015.02.25 22:30:06.358,8.28902,8.29487,1.00,1.75
2015.02.25 22:30:06.728,8.28904,8.29487,1.00,1.75
2015.02.25 22:30:15.967,8.28893,8.29494,1.00,1.75
2015.02.25 22:30:18.278,8.28898,8.29494,1.00,1.75
2015.02.25 22:30:18.772,8.289,8.29494,1.00,1.75
2015.02.25 22:30:20.079,8.28893,8.29494,1.00,1.75
2015.02.25 22:30:24.547,8.28893,8.29494,1.00,1.00
2015.02.25 22:30:24.934,8.28893,8.29494,1.00,1.75
2015.02.25 22:30:26.539,8.28893,8.29494,1.00,1.00
2015.02.25 22:30:27.563,8.28845,8.29494,1.00,1.75
2015.02.25 22:30:27.614,8.28843,8.29494,1.00,1.75
2015.02.25 22:30:27.665,8.28838,8.29457,1.30,1.75
2015.02.25 22:30:29.736,8.28837,8.29457,1.00,1.75
2015.02.25 22:30:32.899,8.28831,8.29457,1.12,1.75
2015.02.25 22:30:35.396,8.28831,8.29457,1.00,1.50
2015.02.25 22:30:37.161,8.28831,8.29457,1.00,1.75
2015.02.25 22:30:38.363,8.28831,8.29457,1.00,1.12
2015.02.25 22:30:38.486,8.28823,8.29457,1.00,1.12
2015.02.25 22:30:47.057,8.28823,8.29366,1.00,1.00
2015.02.25 22:30:47.108,8.28816,8.29366,1.00,1.00
2015.02.25 22:30:48.221,8.28816,8.29366,1.75,1.00
2015.02.25 22:30:48.625,8.28883,8.29373,1.00,1.00
2015.02.25 22:30:50.900,8.28873,8.29341,1.00,1.00
2015.02.25 22:30:51.202,8.28893,8.29341,1.00,1.00
2015.02.25 22:30:52.205,8.28903,8.29341,1.00,1.00
2015.02.25 22:30:52.856,8.28903,8.29366,1.00,1.00
2015.02.25 22:30:54.120,8.28913,8.29366,1.00,1.00
2015.02.25 22:30:55.287,8.28913,8.29345,1.00,1.00
2015.02.25 22:31:08.912,8.28913,8.29366,1.00,1.00
2015.02.25 22:31:21.343,8.28913,8.29346,1.00,1.00
2015.02.25 22:31:24.862,8.28913,8.29366,1.00,1.00
2015.02.25 22:31:27.502,8.28913,8.29345,1.00,1.00
2015.02.25 22:31:27.847,8.28913,8.29366,1.00,1.00
2015.02.25 22:31:29.497,8.28913,8.29316,1.00,1.00
2015.02.25 22:31:30.473,8.28913,8.29287,1.00,1.00
2015.02.25 22:31:31.047,8.28913,8.29309,1.00,1.00
2015.02.25 22:31:44.746,8.28913,8.29309,1.37,1.00
2015.02.25 22:31:45.222,8.28913,8.29309,1.00,1.00
2015.02.25 22:31:58.558,8.28913,8.29331,1.00,1.00
2015.02.25 22:32:02.435,8.28913,8.29277,1.00,1.00
2015.02.25 22:32:10.585,8.28913,8.29257,1.00,1.00
2015.02.25 22:32:10.636,8.28865,8.29257,1.00,1.00
2015.02.25 22:32:10.737,8.28789,8.29257,1.75,1.00
2015.02.25 22:32:11.515,8.28789,8.29257,1.00,1.00
2015.02.25 22:32:11.585,8.28789,8.29257,1.75,1.00
2015.02.25 22:32:12.015,8.28816,8.29257,1.00,1.00
2015.02.25 22:32:15.207,8.28816,8.2933,1.75,1.00
2015.02.25 22:32:15.257,8.28926,8.29316,1.00,1.00
2015.02.25 22:32:15.510,8.28831,8.29345,1.75,1.00
2015.02.25 22:32:15.611,8.28813,8.29319,1.00,1.00
2015.02.25 22:32:17.586,8.28814,8.29319,1.00,1.00
2015.02.25 22:32:19.215,8.28814,8.29319,1.75,1.00
2015.02.25 22:32:21.520,8.28813,8.29319,1.00,1.00
2015.02.25 22:32:21.621,8.28823,8.29319,1.75,1.00
2015.02.25 22:32:22.018,8.28897,8.29324,1.00,1.00
2015.02.25 22:32:24.676,8.28903,8.29324,1.00,1.00
2015.02.25 22:32:25.430,8.28903,8.29324,1.75,1.00
2015.02.25 22:32:26.237,8.28923,8.29324,1.00,1.00
2015.02.25 22:32:28.684,8.28933,8.29324,1.00,1.00
2015.02.25 22:32:29.226,8.28953,8.29324,1.00,1.00
2015.02.25 22:32:31.425,8.28953,8.29363,1.00,1.00
2015.02.25 22:32:35.875,8.28993,8.29363,1.00,1.00
2015.02.25 22:32:35.926,8.28993,8.29519,1.00,1.00
2015.02.25 22:32:36.027,8.28993,8.2963,1.00,1.30
2015.02.25 22:32:36.078,8.28994,8.29697,1.00,1.00
2015.02.25 22:32:55.830,8.28994,8.29689,1.00,1.00
2015.02.25 22:32:58.884,8.28994,8.29697,1.00,1.00
2015.02.25 22:33:03.302,8.28974,8.29697,1.00,1.00
2015.02.25 22:33:03.352,8.28974,8.29677,1.00,1.00
2015.02.25 22:33:05.316,8.28973,8.29677,1.00,1.00
2015.02.25 22:33:32.914,8.28913,8.29627,1.94,1.00
2015.02.25 22:33:34.189,8.28923,8.29627,1.00,1.00
2015.02.25 22:33:36.420,8.28929,8.29627,1.30,1.00
2015.02.25 22:33:55.260,8.28929,8.29577,1.30,1.00
2015.02.25 22:33:55.721,8.28929,8.29637,1.30,1.00
2015.02.25 22:33:56.337,8.28929,8.29647,1.30,1.00
2015.02.25 22:33:56.462,8.28929,8.29657,1.30,1.00
2015.02.25 22:33:57.313,8.28929,8.29277,1.30,0.75
2015.02.25 22:33:57.365,8.28909,8.29277,1.30,1.00
2015.02.25 22:33:57.466,8.28831,8.29277,1.75,1.00
2015.02.25 22:33:57.668,8.28813,8.29277,1.75,1.00
2015.02.25 22:33:59.691,8.28833,8.29277,1.00,1.00
2015.02.25 22:34:02.671,8.28834,8.29277,1.00,1.00
2015.02.25 22:34:03.679,8.28833,8.29277,1.00,1.00
2015.02.25 22:34:05.793,8.28833,8.29276,1.00,1.00
2015.02.25 22:34:05.894,8.28783,8.29276,1.00,1.75
2015.02.25 22:34:06.197,8.28783,8.29073,1.75,1.00
2015.02.25 22:34:06.401,8.28783,8.29073,1.75,1.00
2015.02.25 22:34:06.931,8.28783,8.29073,1.75,1.00
2015.02.25 22:34:07.008,8.28783,8.29073,1.75,1.00
2015.02.25 22:34:07.211,8.28783,8.29073,1.75,1.00
2015.02.25 22:34:07.969,8.28783,8.29093,1.75,1.00
2015.02.25 22:34:08.114,8.28783,8.29093,1.00,1.00
2015.02.25 22:34:21.968,8.28783,8.29071,1.00,1.00
2015.02.25 22:34:24.924,8.28803,8.29071,1.00,1.00
2015.02.25 22:34:25.025,8.28803,8.2917,1.00,1.00
2015.02.25 22:34:25.076,8.28863,8.2917,1.00,1.00
2015.02.25 22:34:25.177,8.28863,8.29199,1.00,1.00
2015.02.25 22:34:25.460,8.28863,8.2924,1.00,1.00
2015.02.25 22:34:26.671,8.28863,8.29168,1.00,1.00
2015.02.25 22:34:26.974,8.28893,8.29188,1.00,1.00
2015.02.25 22:34:30.644,8.28893,8.29346,1.00,1.00
2015.02.25 22:34:30.695,8.28923,8.29346,1.00,1.00
2015.02.25 22:34:32.597,8.28933,8.29346,1.00,1.00
2015.02.25 22:34:35.378,8.28933,8.29371,1.00,1.00
2015.02.25 22:34:42.657,8.28943,8.29371,1.00,1.00
2015.02.25 22:34:43.837,8.28943,8.29346,1.00,1.00
2015.02.25 22:34:49.999,8.28883,8.29346,1.00,1.00
2015.02.25 22:34:50.050,8.28883,8.29403,1.00,1.00
2015.02.25 22:34:50.158,8.28883,8.29403,1.00,1.75
2015.02.25 22:34:50.324,8.28883,8.29403,1.00,1.00
2015.02.25 22:34:50.426,8.28883,8.29403,1.00,1.75
2015.02.25 22:34:53.991,8.28883,8.29405,1.00,1.75
2015.02.25 22:34:54.842,8.2876,8.29405,1.75,1.75
2015.02.25 22:34:54.893,8.2876,8.29405,1.75,1.75
2015.02.25 22:34:54.994,8.28753,8.29385,1.75,1.75
2015.02.25 22:34:55.746,8.28753,8.29385,1.00,1.75
2015.02.25 22:34:56.073,8.28753,8.29385,1.00,1.75
2015.02.25 22:34:58.274,8.28753,8.29385,1.00,1.75
2015.02.25 22:34:59.191,8.28753,8.29385,1.00,1.75
2015.02.25 22:34:59.293,8.28753,8.29385,1.00,1.00
2015.02.25 22:35:02.423,8.28754,8.29385,1.00,1.00
2015.02.25 22:35:02.653,8.28754,8.29396,1.00,1.00
2015.02.25 22:35:02.704,8.28754,8.29396,1.75,1.00
2015.02.25 22:35:04.523,8.28813,8.29396,1.00,1.00
2015.02.25 22:35:04.624,8.28813,8.29396,1.75,1.00
2015.02.25 22:35:05.716,8.28853,8.29396,1.00,1.00
2015.02.25 22:35:07.682,8.28863,8.29396,1.00,1.00
2015.02.25 22:35:17.630,8.28873,8.29396,1.00,1.00
2015.02.25 22:35:17.942,8.28753,8.29392,1.75,1.00
2015.02.25 22:35:17.993,8.28753,8.29392,1.75,1.00
2015.02.25 22:35:18.389,8.28768,8.29333,1.00,1.00
2015.02.25 22:35:18.692,8.28853,8.29383,1.75,1.00
2015.02.25 22:35:19.043,8.28853,8.29359,1.75,1.00
2015.02.25 22:35:19.199,8.28853,8.29373,1.75,1.00
2015.02.25 22:35:22.837,8.28853,8.29373,1.37,1.00
2015.02.25 22:35:24.746,8.28853,8.29373,1.00,1.00
2015.02.25 22:35:25.222,8.28853,8.29373,1.75,1.00
2015.02.25 22:35:25.713,8.28913,8.29408,1.00,1.00
2015.02.25 22:35:26.963,8.28853,8.29362,1.75,1.00
2015.02.25 22:35:27.325,8.28853,8.29375,1.75,1.00
2015.02.25 22:35:27.438,8.28853,8.29375,1.00,1.00
2015.02.25 22:35:33.194,8.28943,8.29375,1.00,1.00
2015.02.25 22:35:33.547,8.28943,8.29361,1.00,1.00
2015.02.25 22:35:33.779,8.28943,8.29427,1.00,1.00
2015.02.25 22:35:34.916,8.28933,8.29427,1.00,1.00
2015.02.25 22:35:37.135,8.28933,8.2936,1.00,1.00
2015.02.25 22:35:38.456,8.28923,8.2936,1.00,1.00
2015.02.25 22:35:38.507,8.28923,8.2936,1.75,1.00
2015.02.25 22:35:38.934,8.28923,8.2936,1.00,1.00
2015.02.25 22:35:39.041,8.28923,8.29427,1.00,1.50
2015.02.25 22:35:41.044,8.28923,8.29362,1.00,1.00
2015.02.25 22:35:41.382,8.28923,8.29362,1.75,1.00
2015.02.25 22:35:43.255,8.28923,8.29427,1.75,1.50
2015.02.25 22:35:45.165,8.28923,8.29356,1.75,1.00
2015.02.25 22:35:49.482,8.28923,8.2937,1.75,1.00
2015.02.25 22:35:49.583,8.28843,8.2937,1.75,1.00
2015.02.25 22:35:49.991,8.28843,8.29382,1.75,1.00
2015.02.25 22:35:51.503,8.28843,8.29382,1.00,1.00
2015.02.25 22:36:01.788,8.28843,8.29383,1.00,1.00
2015.02.25 22:36:13.595,8.28793,8.29383,1.00,1.00
2015.02.25 22:36:14.104,8.28794,8.29383,1.00,1.00
2015.02.25 22:36:15.413,8.28794,8.294,1.00,1.00
2015.02.25 22:36:17.546,8.28793,8.294,1.00,1.00
2015.02.25 22:36:19.658,8.28794,8.294,1.00,1.00
2015.02.25 22:36:21.362,8.28793,8.294,1.00,1.00
2015.02.25 22:36:27.745,8.28804,8.294,1.00,1.00
2015.02.25 22:36:28.611,8.28803,8.294,1.00,1.00
2015.02.25 22:36:42.281,8.28804,8.294,1.00,1.00
2015.02.25 22:36:43.312,8.28803,8.294,1.00,1.00
2015.02.25 22:36:44.914,8.28804,8.294,1.00,1.00
2015.02.25 22:36:45.423,8.28803,8.294,1.00,1.00
2015.02.25 22:36:47.760,8.28804,8.294,1.00,1.00
2015.02.25 22:36:49.748,8.28803,8.294,1.00,1.00
2015.02.25 22:36:51.899,8.28804,8.294,1.00,1.00
2015.02.25 22:36:53.678,8.28803,8.294,1.00,1.00
2015.02.25 22:36:57.835,8.28804,8.294,1.00,1.00
2015.02.25 22:36:58.349,8.28803,8.294,1.00,1.00
2015.02.25 22:37:01.809,8.28804,8.294,1.00,1.00
2015.02.25 22:37:03.923,8.28803,8.294,1.00,1.00
2015.02.25 22:37:05.818,8.28803,8.29382,1.00,1.00
2015.02.25 22:37:06.628,8.28803,8.29407,1.00,1.00
2015.02.25 22:37:07.542,8.28804,8.29407,1.00,1.00
2015.02.25 22:37:08.234,8.28803,8.29407,1.00,1.00
2015.02.25 22:37:11.642,8.28803,8.29378,1.00,1.00
2015.02.25 22:37:11.945,8.28943,8.29419,1.00,1.00
2015.02.25 22:37:13.081,8.28943,8.2936,1.00,1.00
2015.02.25 22:37:13.132,8.28853,8.2936,1.75,1.00
2015.02.25 22:37:15.151,8.28853,8.29379,1.00,1.00
2015.02.25 22:37:15.252,8.28803,8.29379,1.75,1.00
2015.02.25 22:37:15.353,8.28803,8.29379,1.00,1.00
2015.02.25 22:37:15.643,8.28803,8.29393,1.00,1.00
2015.02.25 22:37:17.744,8.28804,8.29393,1.00,1.00
2015.02.25 22:37:20.894,8.28803,8.29393,1.00,1.00
2015.02.25 22:37:22.947,8.28804,8.29393,1.00,1.00
2015.02.25 22:37:23.479,8.28803,8.29393,1.00,1.00
2015.02.25 22:37:24.800,8.28804,8.29393,1.00,1.00
2015.02.25 22:37:26.811,8.28803,8.29393,1.00,1.00
2015.02.25 22:37:28.617,8.28803,8.29413,1.00,1.00
2015.02.25 22:37:35.504,8.28803,8.29393,1.00,1.00
2015.02.25 22:37:36.789,8.28803,8.29411,1.00,1.00
2015.02.25 22:37:41.102,8.28803,8.29382,1.00,1.00
2015.02.25 22:37:42.334,8.28803,8.29382,1.75,1.00
2015.02.25 22:37:42.435,8.28883,8.29457,1.00,1.00
2015.02.25 22:37:42.486,8.28994,8.29407,1.00,1.00
2015.02.25 22:37:42.587,8.28993,8.29421,1.00,1.00
2015.02.25 22:37:42.689,8.28983,8.29421,1.00,1.00
2015.02.25 22:37:43.362,8.2898,8.29421,1.00,1.00
2015.02.25 22:37:43.413,8.2898,8.2935,1.00,1.00
2015.02.25 22:37:43.464,8.28887,8.2935,1.00,1.00
2015.02.25 22:37:43.565,8.28853,8.2935,1.00,1.00
2015.02.25 22:37:43.616,8.28812,8.2935,1.75,1.00
2015.02.25 22:37:43.717,8.28803,8.2935,1.00,1.00
2015.02.25 22:37:43.818,8.28803,8.29368,1.00,1.00
2015.02.25 22:37:44.716,8.28803,8.29385,1.00,1.00
2015.02.25 22:37:44.891,8.28803,8.29385,1.37,1.00
2015.02.25 22:37:47.262,8.28804,8.29385,1.00,1.00
2015.02.25 22:37:47.822,8.28803,8.29385,1.00,1.00
2015.02.25 22:37:51.982,8.28803,8.29385,1.75,1.00
2015.02.25 22:37:53.185,8.28803,8.29385,1.00,1.00
2015.02.25 22:37:53.293,8.28803,8.29385,1.75,1.00
2015.02.25 22:37:56.128,8.28803,8.29385,1.75,1.00
2015.02.25 22:37:57.415,8.28803,8.29385,1.00,1.00
2015.02.25 22:37:57.516,8.28803,8.29385,1.75,1.00
2015.02.25 22:37:59.146,8.28803,8.29385,1.00,1.00
2015.02.25 22:37:59.248,8.28803,8.29385,1.75,1.00
2015.02.25 22:38:00.903,8.28803,8.29385,1.00,1.00
2015.02.25 22:38:01.024,8.28803,8.29385,1.75,1.00
2015.02.25 22:38:03.209,8.28803,8.29385,1.00,1.00
2015.02.25 22:38:03.268,8.28803,8.29408,1.00,1.00
2015.02.25 22:38:03.319,8.28803,8.29408,1.75,1.00
2015.02.25 22:38:05.112,8.28803,8.29408,1.00,1.00
2015.02.25 22:38:05.225,8.28803,8.29408,1.75,1.00
2015.02.25 22:38:06.685,8.28803,8.29497,1.75,1.75
2015.02.25 22:38:06.737,8.29013,8.29497,1.75,1.00
2015.02.25 22:38:07.042,8.28913,8.29471,1.75,1.00
2015.02.25 22:38:07.092,8.28864,8.29356,1.75,1.00
2015.02.25 22:38:07.143,8.28864,8.29356,1.75,1.00
2015.02.25 22:38:07.194,8.28863,8.29393,1.75,1.00
2015.02.25 22:38:07.462,8.28863,8.29393,1.75,1.00
2015.02.25 22:38:07.563,8.28863,8.29393,1.00,1.00
2015.02.25 22:38:07.804,8.28863,8.29374,1.00,1.00
2015.02.25 22:38:08.187,8.28863,8.29358,1.00,1.00
2015.02.25 22:38:08.854,8.28863,8.29358,1.75,1.00
2015.02.25 22:38:08.905,8.28863,8.29405,1.75,1.00
2015.02.25 22:38:09.006,8.28863,8.29365,1.75,1.00
2015.02.25 22:38:12.830,8.28863,8.29365,1.75,1.00
2015.02.25 22:38:14.835,8.28863,8.29365,1.00,1.00
2015.02.25 22:38:14.936,8.28863,8.29365,1.75,1.00
2015.02.25 22:38:18.645,8.28863,8.29365,1.00,1.00
2015.02.25 22:38:18.746,8.28863,8.29365,1.75,1.00
2015.02.25 22:38:19.520,8.28863,8.29379,1.75,1.00
2015.02.25 22:38:20.052,8.28863,8.29364,1.75,1.00
2015.02.25 22:38:23.227,8.28863,8.2938,1.75,1.00
2015.02.25 22:38:24.558,8.28863,8.2938,1.75,1.00
2015.02.25 22:38:30.374,8.28863,8.2938,1.75,1.00
2015.02.25 22:38:32.828,8.28863,8.2938,1.00,1.00
2015.02.25 22:38:32.879,8.28708,8.29393,1.75,1.00
2015.02.25 22:38:32.930,8.28708,8.29393,1.75,1.00
2015.02.25 22:38:34.250,8.2869,8.29365,1.75,1.00
2015.02.25 22:38:34.301,8.28758,8.29365,1.75,1.00
2015.02.25 22:38:34.402,8.28734,8.29365,1.75,1.00
2015.02.25 22:38:34.503,8.28718,8.29365,1.75,1.00
2015.02.25 22:38:34.554,8.28718,8.29384,1.75,1.00
2015.02.25 22:38:35.492,8.28718,8.29381,1.75,1.00
2015.02.25 22:38:38.000,8.28719,8.29381,1.75,1.00
2015.02.25 22:38:38.101,8.28783,8.29443,1.75,1.00
2015.02.25 22:38:38.202,8.28786,8.29364,1.75,1.00
2015.02.25 22:38:38.303,8.28744,8.29364,1.75,1.00
2015.02.25 22:38:38.800,8.28724,8.29379,1.75,1.00
2015.02.25 22:38:39.949,8.28642,8.29379,1.75,1.00
2015.02.25 22:38:40.052,8.28668,8.29379,1.75,1.00
2015.02.25 22:38:40.203,8.2864,8.29398,1.75,1.00
2015.02.25 22:38:42.424,8.2864,8.29398,1.75,1.00
2015.02.25 22:38:44.452,8.28587,8.29398,1.75,1.75
2015.02.25 22:38:44.553,8.28591,8.29398,1.75,1.00
2015.02.25 22:38:44.654,8.28629,8.29398,1.75,1.75
2015.02.25 22:38:45.748,8.2859,8.29398,1.75,1.75
2015.02.25 22:38:46.253,8.28631,8.29396,1.75,1.75
2015.02.25 22:38:47.069,8.28631,8.29396,1.75,1.75
2015.02.25 22:38:47.170,8.28686,8.29398,1.75,1.00
2015.02.25 22:38:48.693,8.28658,8.29398,1.75,1.00
2015.02.25 22:38:48.796,8.28658,8.29401,1.75,1.00
2015.02.25 22:38:49.505,8.28663,8.29367,1.75,1.00
2015.02.25 22:38:49.556,8.2869,8.29175,1.75,1.00
2015.02.25 22:38:49.785,8.28619,8.29307,1.75,1.00
2015.02.25 22:38:49.836,8.28713,8.29338,1.75,1.00
2015.02.25 22:38:49.887,8.28713,8.29338,1.75,1.00
2015.02.25 22:38:49.988,8.28713,8.29338,1.75,1.00
2015.02.25 22:38:50.090,8.28723,8.29378,1.75,1.00
2015.02.25 22:38:50.191,8.28753,8.29378,1.75,1.00
2015.02.25 22:38:50.737,8.28754,8.29403,1.75,1.00
2015.02.25 22:38:55.600,8.28793,8.29403,1.75,1.00
2015.02.25 22:38:57.811,8.28793,8.29384,1.75,1.00
2015.02.25 22:38:58.155,8.28793,8.29384,1.75,1.00
2015.02.25 22:38:59.767,8.28834,8.29384,1.00,1.00
2015.02.25 22:38:59.879,8.28834,8.29384,1.75,1.00
2015.02.25 22:39:03.697,8.28834,8.29384,1.75,1.00
2015.02.25 22:39:05.510,8.28834,8.29384,1.00,1.00
2015.02.25 22:39:05.620,8.28834,8.29384,1.75,1.00
2015.02.25 22:39:09.627,8.28834,8.29384,1.75,1.00
2015.02.25 22:39:11.437,8.28834,8.29384,1.75,1.00
2015.02.25 22:39:11.539,8.28834,8.29384,1.75,1.00
2015.02.25 22:39:13.660,8.28834,8.29384,1.75,1.00
2015.02.25 22:39:13.744,8.28834,8.29384,1.75,1.00
2015.02.25 22:39:15.769,8.28803,8.29384,1.75,1.00
2015.02.25 22:39:17.553,8.28803,8.29384,1.75,1.00
2015.02.25 22:39:19.001,8.28853,8.29384,1.75,1.00
2015.02.25 22:39:19.349,8.28853,8.29384,1.75,1.00
2015.02.25 22:39:21.111,8.28853,8.29384,1.75,1.00
2015.02.25 22:39:38.750,8.28913,8.29384,1.75,1.00
2015.02.25 22:39:39.093,8.28913,8.29355,1.75,1.00
2015.02.25 22:39:40.609,8.28913,8.29355,1.37,1.00
2015.02.25 22:39:40.909,8.28913,8.29355,1.75,1.00
2015.02.25 22:39:42.010,8.28913,8.29453,1.75,1.00
2015.02.25 22:39:44.904,8.28913,8.29359,1.75,1.00
2015.02.25 22:39:46.508,8.28913,8.29453,1.75,1.00
2015.02.25 22:39:46.608,8.28913,8.29353,1.75,1.00
2015.02.25 22:39:47.031,8.28913,8.29353,1.00,1.00
2015.02.25 22:39:47.132,8.28811,8.29353,1.75,1.00
2015.02.25 22:39:49.913,8.2876,8.29369,1.75,1.00
2015.02.25 22:39:53.567,8.2876,8.29369,1.75,1.00
2015.02.25 22:39:54.457,8.28825,8.29369,1.75,1.00
2015.02.25 22:39:55.770,8.28825,8.2937,1.75,1.00
2015.02.25 22:39:55.871,8.28808,8.2937,1.75,1.00
2015.02.25 22:39:57.957,8.28808,8.2937,1.75,1.00
2015.02.25 22:40:05.382,8.28803,8.2937,1.75,1.00
2015.02.25 22:40:07.874,8.28803,8.2937,1.75,1.00
2015.02.25 22:40:10.231,8.28813,8.2937,1.75,1.00
2015.02.25 22:40:13.999,8.28843,8.2937,1.75,1.00
2015.02.25 22:40:17.819,8.28853,8.2937,1.75,1.00
2015.02.25 22:40:19.733,8.28863,8.2937,1.75,1.00
2015.02.25 22:40:19.835,8.28863,8.2937,1.75,1.00
2015.02.25 22:40:21.647,8.28863,8.2937,1.75,1.00
2015.02.25 22:40:25.284,8.28863,8.2937,1.75,1.00
2015.02.25 22:40:25.385,8.28863,8.2937,1.75,1.00
2015.02.25 22:40:25.688,8.28863,8.2937,1.00,1.00
2015.02.25 22:40:28.182,8.28864,8.2937,1.00,1.00
2015.02.25 22:40:29.994,8.28863,8.2937,1.00,1.00
2015.02.25 22:40:31.932,8.28823,8.2937,1.00,1.00
2015.02.25 22:40:32.034,8.28823,8.29398,1.00,1.00
2015.02.25 22:40:36.629,8.28823,8.29363,1.00,1.00
2015.02.25 22:40:36.949,8.28983,8.29398,1.00,1.00
2015.02.25 22:40:37.689,8.28907,8.29398,1.00,1.00
2015.02.25 22:40:37.739,8.28907,8.29361,1.00,1.00
2015.02.25 22:40:37.790,8.28894,8.29361,1.00,1.00
2015.02.25 22:40:37.841,8.28823,8.29361,1.00,1.00
2015.02.25 22:40:38.050,8.28823,8.29394,1.00,1.00
2015.02.25 22:40:39.616,8.28824,8.29394,1.00,1.00
2015.02.25 22:40:41.030,8.28823,8.29394,1.00,1.00
2015.02.25 22:40:41.181,8.28793,8.29394,1.00,1.00
2015.02.25 22:40:41.282,8.28793,8.29394,1.00,1.75
2015.02.25 22:40:41.647,8.28793,8.29381,1.00,1.00
2015.02.25 22:40:47.409,8.28833,8.29381,1.00,1.00
2015.02.25 22:40:49.756,8.28833,8.29343,1.00,1.00
2015.02.25 22:40:49.861,8.28783,8.29343,1.00,1.00
2015.02.25 22:40:50.103,8.28783,8.29296,1.00,1.00
2015.02.25 22:40:53.127,8.28803,8.29296,1.00,1.00
2015.02.25 22:40:55.917,8.28804,8.29296,1.00,1.00
2015.02.25 22:40:56.944,8.28803,8.29296,1.00,1.00
2015.02.25 22:40:59.377,8.28733,8.29263,1.00,1.75
2015.02.25 22:40:59.479,8.28733,8.29153,1.00,1.00
2015.02.25 22:40:59.680,8.28723,8.29153,1.00,1.00
2015.02.25 22:41:12.967,8.28723,8.29105,1.00,1.00
2015.02.25 22:41:13.279,8.28763,8.29105,1.00,1.00
2015.02.25 22:41:14.117,8.28723,8.29105,1.00,1.00
2015.02.25 22:41:14.218,8.28723,8.29085,1.00,1.00
2015.02.25 22:41:14.470,8.28713,8.29085,1.00,1.00
2015.02.25 22:41:14.571,8.28713,8.28957,1.00,1.00
2015.02.25 22:41:14.672,8.28604,8.28957,1.00,1.75
2015.02.25 22:41:14.773,8.28513,8.28957,1.00,1.37
2015.02.25 22:41:14.986,8.28513,8.28766,1.00,1.00
2015.02.25 22:41:18.459,8.28514,8.28766,1.00,1.00
2015.02.25 22:41:19.817,8.28441,8.28744,1.00,1.00
2015.02.25 22:41:20.019,8.28433,8.28772,1.00,1.00
2015.02.25 22:41:20.221,8.28503,8.28772,1.00,1.00
2015.02.25 22:41:20.474,8.28503,8.28779,1.00,1.00
2015.02.25 22:41:21.256,8.28503,8.2879,1.00,1.00
2015.02.25 22:41:23.635,8.28503,8.28817,1.00,1.00
2015.02.25 22:41:23.738,8.28573,8.28817,1.00,1.00
2015.02.25 22:41:23.788,8.28573,8.28847,1.00,1.00
2015.02.25 22:41:23.889,8.28573,8.28872,1.00,1.00
2015.02.25 22:41:24.477,8.28603,8.28872,1.00,1.00
2015.02.25 22:41:24.528,8.28603,8.28907,1.00,1.00
2015.02.25 22:41:24.629,8.28603,8.28954,1.00,1.00
2015.02.25 22:41:25.884,8.28603,8.28928,1.00,1.00
2015.02.25 22:41:26.684,8.28613,8.28928,1.00,1.00
2015.02.25 22:41:27.091,8.28573,8.28928,1.00,1.00
2015.02.25 22:41:27.192,8.28613,8.28928,1.00,1.00
2015.02.25 22:41:28.508,8.28613,8.28959,1.00,1.00
2015.02.25 22:41:28.559,8.28653,8.28959,1.00,1.00
2015.02.25 22:41:28.660,8.28643,8.28959,1.00,1.00
2015.02.25 22:41:28.711,8.28643,8.29004,1.00,1.00
2015.02.25 22:41:30.061,8.28623,8.29004,1.00,1.00
2015.02.25 22:41:34.741,8.28683,8.29004,1.00,1.00
2015.02.25 22:41:35.087,8.28683,8.28959,1.00,1.00
2015.02.25 22:41:35.138,8.28673,8.28959,1.00,1.00
2015.02.25 22:41:39.038,8.28673,8.29008,1.00,1.00
2015.02.25 22:41:39.088,8.28713,8.29008,1.00,1.00
2015.02.25 22:41:39.189,8.28713,8.29035,1.00,1.00
2015.02.25 22:41:39.768,8.28703,8.29035,1.00,1.00
2015.02.25 22:41:41.118,8.28693,8.29035,1.00,1.00
2015.02.25 22:41:43.849,8.28673,8.29035,1.00,1.00
2015.02.25 22:41:53.920,8.28673,8.29037,1.00,1.00
2015.02.25 22:41:54.021,8.28603,8.29077,1.75,1.00
2015.02.25 22:41:55.795,8.28603,8.29077,1.00,1.00
2015.02.25 22:41:56.658,8.28593,8.29077,1.00,1.00
2015.02.25 22:41:57.869,8.28594,8.29077,1.00,1.00
2015.02.25 22:41:59.067,8.28594,8.29038,1.00,1.00
2015.02.25 22:41:59.118,8.28523,8.29038,1.00,1.00
2015.02.25 22:41:59.219,8.28523,8.29087,1.75,1.00
2015.02.25 22:41:59.506,8.28523,8.29087,1.00,1.00
2015.02.25 22:42:01.712,8.28523,8.29087,1.75,1.00
2015.02.25 22:42:02.035,8.28523,8.29087,1.75,1.00
2015.02.25 22:42:02.409,8.28523,8.29107,1.75,1.00
2015.02.25 22:42:04.819,8.28543,8.29107,1.00,1.00
2015.02.25 22:42:04.920,8.28543,8.2905,1.00,1.00
2015.02.25 22:42:04.971,8.28506,8.2905,1.00,1.00
2015.02.25 22:42:05.021,8.28483,8.28976,1.00,1.00
2015.02.25 22:42:05.431,8.28483,8.28933,1.00,1.00
2015.02.25 22:42:06.675,8.28473,8.28933,1.00,1.00
2015.02.25 22:42:08.394,8.28443,8.28933,1.00,1.00
2015.02.25 22:42:08.445,8.28443,8.28868,1.00,1.00
2015.02.25 22:42:09.307,8.28463,8.28868,1.00,1.00
2015.02.25 22:42:10.626,8.28473,8.28868,1.00,1.00
2015.02.25 22:42:12.409,8.28473,8.28958,1.00,1.00
2015.02.25 22:42:12.460,8.28583,8.28958,1.00,1.00
2015.02.25 22:42:12.511,8.28583,8.29003,1.00,1.00
2015.02.25 22:42:12.562,8.28573,8.29003,1.00,1.00
2015.02.25 22:42:12.663,8.28574,8.29041,1.00,1.00
2015.02.25 22:42:16.773,8.28574,8.29088,1.00,1.00
2015.02.25 22:42:20.774,8.28573,8.29088,1.00,1.00
2015.02.25 22:42:32.205,8.28573,8.29072,1.00,1.00
2015.02.25 22:42:44.070,8.28573,8.29072,1.00,1.75
2015.02.25 22:42:44.171,8.28443,8.28889,1.00,1.00
2015.02.25 22:42:44.273,8.28443,8.28876,1.00,1.00
2015.02.25 22:42:48.142,8.28453,8.28876,1.00,1.00
2015.02.25 22:42:54.422,8.28553,8.28841,1.00,1.00
2015.02.25 22:43:03.177,8.28517,8.28841,1.00,1.00
2015.02.25 22:43:03.278,8.28463,8.28895,1.00,1.00
2015.02.25 22:43:05.116,8.28463,8.28857,1.00,1.00
2015.02.25 22:43:32.075,8.28523,8.28828,1.00,1.00
2015.02.25 22:43:33.603,8.28523,8.2885,1.00,1.00
2015.02.25 22:43:44.834,8.28523,8.28688,1.00,1.00
2015.02.25 22:43:44.935,8.28443,8.28688,1.75,1.00
2015.02.25 22:43:44.986,8.28443,8.28688,1.00,1.00
2015.02.25 22:43:45.901,8.28403,8.28688,1.12,1.00
2015.02.25 22:43:47.765,8.28403,8.28688,1.75,1.00
2015.02.25 22:43:48.028,8.28533,8.28882,1.00,1.00
2015.02.25 22:43:48.129,8.28533,8.29338,1.00,1.00
2015.02.25 22:43:48.244,8.28533,8.29434,1.00,1.00
2015.02.25 22:43:48.345,8.28533,8.29436,1.00,1.00
2015.02.25 22:43:48.446,8.28533,8.29441,1.00,1.00
2015.02.25 22:43:49.054,8.28533,8.29437,1.00,1.00
2015.02.25 22:44:03.473,8.28534,8.29437,1.00,1.00
2015.02.25 22:44:06.509,8.28594,8.29403,1.00,1.00
2015.02.25 22:44:06.992,8.28682,8.29367,1.00,1.00
2015.02.25 22:44:12.634,8.28595,8.29387,1.75,1.00
2015.02.25 22:44:12.785,8.28491,8.29387,1.75,1.00
2015.02.25 22:44:14.148,8.28463,8.29387,1.00,1.00
2015.02.25 22:44:14.199,8.28443,8.29387,1.00,1.00
2015.02.25 22:44:16.605,8.28507,8.29387,1.00,1.00
2015.02.25 22:44:16.656,8.28507,8.29541,1.00,1.00
2015.02.25 22:44:16.706,8.28507,8.29573,1.75,1.00
2015.02.25 22:44:16.807,8.28507,8.29637,1.75,1.00
2015.02.25 22:44:16.908,8.28507,8.29627,1.00,1.75
2015.02.25 22:44:16.959,8.28424,8.29419,1.50,1.00
2015.02.25 22:44:17.009,8.28383,8.29419,3.09,1.00
2015.02.25 22:44:17.088,8.28302,8.29419,1.00,1.00
2015.02.25 22:44:18.068,8.28302,8.29419,1.75,1.00
2015.02.25 22:44:19.182,8.28352,8.29419,1.00,1.00
2015.02.25 22:44:19.283,8.28302,8.29419,1.00,1.00
2015.02.25 22:44:20.113,8.28302,8.29419,1.75,1.00
2015.02.25 22:44:20.164,8.28352,8.29607,1.75,1.75
2015.02.25 22:44:20.265,8.28268,8.29109,1.00,1.00
2015.02.25 22:44:20.366,8.28171,8.29109,2.53,1.00
2015.02.25 22:44:20.467,8.28081,8.29109,2.55,1.00
2015.02.25 22:44:20.748,8.28322,8.29109,1.00,1.00
2015.02.25 22:44:20.848,8.28203,8.29109,2.10,1.00
2015.02.25 22:44:20.949,8.28082,8.29109,1.78,1.00
2015.02.25 22:44:21.082,8.28092,8.29109,1.12,1.00
2015.02.25 22:44:21.188,8.28242,8.29109,1.00,1.00
2015.02.25 22:44:21.239,8.28083,8.29109,1.37,1.00
2015.02.25 22:44:21.445,8.28209,8.29109,1.64,1.00
2015.02.25 22:44:21.546,8.2809,8.29109,1.37,1.00
2015.02.25 22:44:21.744,8.28171,8.29109,1.00,1.00
2015.02.25 22:44:21.896,8.28081,8.29109,1.63,1.00
2015.02.25 22:44:21.956,8.28331,8.29109,1.00,1.00
2015.02.25 22:44:22.057,8.28199,8.29109,1.89,1.00
2015.02.25 22:44:22.107,8.28219,8.29109,1.12,1.00
2015.02.25 22:44:23.004,8.28248,8.29109,1.00,1.00
2015.02.25 22:44:23.055,8.28234,8.29109,1.00,1.00
2015.02.25 22:44:23.106,8.28111,8.29109,2.16,1.00
2015.02.25 22:44:23.213,8.28071,8.29109,1.90,1.00
2015.02.25 22:44:23.317,8.28319,8.29109,1.00,1.00
2015.02.25 22:44:23.418,8.28187,8.29109,2.01,1.00
2015.02.25 22:44:23.469,8.28081,8.29109,1.45,1.00
2015.02.25 22:44:23.618,8.28296,8.29109,1.00,1.00
2015.02.25 22:44:23.719,8.28174,8.29109,1.09,1.00
2015.02.25 22:44:23.770,8.2809,8.29109,1.37,1.00
2015.02.25 22:44:23.989,8.28194,8.29109,1.00,1.00
2015.02.25 22:44:24.090,8.2786,8.29109,1.00,1.00
2015.02.25 22:44:24.141,8.2786,8.29193,1.00,1.00
2015.02.25 22:44:24.192,8.27323,8.29193,1.00,1.00
2015.02.25 22:44:24.573,8.27101,8.29374,1.00,1.00
2015.02.25 22:44:25.007,8.26803,8.29374,1.00,1.00
2015.02.25 22:44:25.429,8.26803,8.29306,1.00,1.00
2015.02.25 22:44:25.631,8.26803,8.2934,1.00,1.00
2015.02.25 22:44:26.943,8.26803,8.29016,1.00,1.00
2015.02.25 22:44:28.485,8.26803,8.2934,1.00,1.00
2015.02.25 22:44:30.695,8.26803,8.29374,1.00,1.00
2015.02.25 22:44:30.846,8.26803,8.294,1.00,1.00
2015.02.25 22:44:36.872,8.26803,8.29436,1.00,1.00
2015.02.25 22:44:42.851,8.26803,8.29334,1.00,1.00
2015.02.25 22:44:47.885,8.26803,8.29319,1.00,1.00
2015.02.25 22:44:48.572,8.26831,8.29319,1.60,1.00
2015.02.25 22:44:49.385,8.27058,8.29319,1.00,1.00
2015.02.25 22:44:50.337,8.27058,8.29383,1.00,1.79
2015.02.25 22:44:51.500,8.26803,8.29402,1.00,1.00
2015.02.25 22:44:56.143,8.26803,8.29436,1.00,1.00
2015.02.25 22:44:58.110,8.27245,8.29436,0.75,1.00
2015.02.25 22:44:58.450,8.27327,8.29457,1.00,1.00
2015.02.25 22:45:00.956,8.27327,8.29432,1.00,1.00
2015.02.25 22:45:01.029,8.27327,8.29457,1.00,1.00
2015.02.25 22:45:02.416,8.27433,8.29457,1.00,1.00
2015.02.25 22:45:06.509,8.28051,8.29457,0.75,1.00
2015.02.25 22:45:10.877,8.28015,8.29457,0.75,1.00
2015.02.25 22:45:10.991,8.27443,8.29457,1.19,1.00
2015.02.25 22:45:11.042,8.27443,8.29457,1.00,1.00
2015.02.25 22:45:11.603,8.27444,8.29456,1.00,1.00
2015.02.25 22:45:12.103,8.27443,8.29447,1.00,1.00
2015.02.25 22:45:16.223,8.27894,8.29447,1.00,1.00
2015.02.25 22:45:21.396,8.27895,8.29447,1.00,1.00
2015.02.25 22:45:21.847,8.27978,8.29447,1.00,1.00
2015.02.25 22:45:28.312,8.27988,8.29447,1.00,1.00
2015.02.25 22:45:34.321,8.27989,8.29447,1.00,1.00
2015.02.25 22:45:34.756,8.27994,8.29447,1.00,1.00
2015.02.25 22:45:38.635,8.27994,8.29427,1.00,1.00
2015.02.25 22:45:38.836,8.27994,8.29482,1.00,1.00
2015.02.25 22:45:42.060,8.27993,8.29482,0.75,1.00
2015.02.25 22:45:42.134,8.28023,8.29482,0.75,1.00
2015.02.25 22:45:43.279,8.28023,8.29396,0.75,1.00
2015.02.25 22:45:47.076,8.28043,8.29396,0.75,1.00
2015.02.25 22:45:47.870,8.28266,8.29396,0.75,1.00
2015.02.25 22:45:48.208,8.28266,8.29357,0.75,1.00
2015.02.25 22:45:54.309,8.28232,8.29357,1.00,1.00
2015.02.25 22:45:59.717,8.28235,8.29357,1.00,1.00
2015.02.25 22:46:01.116,8.28235,8.2952,1.00,1.00
2015.02.25 22:46:03.242,8.28235,8.29358,1.00,1.00
2015.02.25 22:46:03.524,8.28235,8.2952,1.00,1.00
2015.02.25 22:46:05.422,8.28315,8.2952,1.00,1.00
2015.02.25 22:46:05.597,8.28315,8.29603,1.00,1.00
2015.02.25 22:46:05.669,8.28315,8.29647,1.00,1.00
2015.02.25 22:46:07.228,8.28315,8.29358,1.00,1.00
2015.02.25 22:46:11.017,8.28423,8.29358,0.75,1.00
2015.02.25 22:46:11.339,8.28423,8.29647,0.75,1.00
2015.02.25 22:46:13.140,8.28423,8.29354,0.75,1.00
2015.02.25 22:46:17.146,8.28423,8.2952,0.75,1.00
2015.02.25 22:46:17.207,8.28439,8.2952,0.75,1.00
2015.02.25 22:46:20.891,8.28439,8.29359,0.75,1.00
2015.02.25 22:46:23.437,8.28424,8.29359,0.75,1.00
2015.02.25 22:46:29.059,8.28425,8.29359,0.75,1.00
2015.02.25 22:46:34.549,8.28424,8.29359,0.75,1.00
2015.02.25 22:46:40.778,8.28421,8.29359,1.00,1.00
2015.02.25 22:46:41.805,8.28421,8.2951,1.00,1.00
2015.02.25 22:46:41.969,8.28421,8.29627,1.00,1.00
2015.02.25 22:46:46.916,8.28351,8.29627,1.00,1.00
2015.02.25 22:46:52.540,8.28376,8.29627,1.00,1.00
2015.02.25 22:46:58.421,8.28377,8.29627,1.00,1.00
2015.02.25 22:47:02.431,8.28377,8.29617,1.00,1.00
2015.02.25 22:47:03.965,8.28411,8.29617,1.00,1.00
2015.02.25 22:47:09.980,8.28412,8.29617,1.00,1.00
2015.02.25 22:47:16.650,8.28374,8.29617,1.00,1.00
2015.02.25 22:47:23.511,8.28388,8.29617,1.00,1.00
2015.02.25 22:47:34.290,8.28423,8.29617,1.00,1.00
2015.02.25 22:47:42.312,8.28391,8.29617,1.00,1.00
2015.02.25 22:47:43.372,8.28391,8.29587,1.00,1.00
2015.02.25 22:47:48.953,8.28397,8.29587,1.00,1.00
2015.02.25 22:47:54.269,8.28387,8.29587,1.00,1.00
2015.02.25 22:48:03.299,8.28406,8.29587,1.00,1.00
2015.02.25 22:48:08.476,8.28412,8.29587,1.00,1.00
2015.02.25 22:48:16.296,8.28379,8.29587,1.00,1.00
2015.02.25 22:48:20.107,8.28379,8.29355,1.00,1.00
2015.02.25 22:48:20.258,8.27515,8.29289,1.00,3.00
2015.02.25 22:48:20.309,8.27515,8.29587,1.00,1.00
2015.02.25 22:48:20.360,8.27504,8.29586,1.00,1.00
2015.02.25 22:48:22.289,8.27503,8.29577,1.00,1.00
2015.02.25 22:48:54.561,8.27483,8.29577,1.00,1.00
2015.02.25 22:49:06.577,8.28085,8.29577,0.75,1.00
2015.02.25 22:49:13.320,8.28128,8.29577,0.75,1.00
2015.02.25 22:49:19.001,8.28053,8.29577,1.00,1.00
2015.02.25 22:49:23.096,8.27833,8.29577,1.75,1.00
2015.02.25 22:49:23.147,8.27885,8.29517,1.75,1.00
2015.02.25 22:49:27.136,8.27983,8.29517,1.00,1.00
2015.02.25 22:49:28.143,8.28013,8.29517,1.00,1.00
2015.02.25 22:49:29.138,8.28013,8.29517,1.19,1.00
2015.02.25 22:49:29.713,8.28033,8.29517,1.00,1.00
2015.02.25 22:49:30.163,8.28043,8.29517,1.00,1.00
2015.02.25 22:49:31.342,8.28043,8.29517,1.19,1.00
2015.02.25 22:49:33.340,8.28054,8.29507,1.19,1.00
2015.02.25 22:49:33.948,8.28054,8.29507,1.19,1.00
2015.02.25 22:49:36.255,8.28054,8.29507,1.19,1.00
2015.02.25 22:49:38.300,8.28054,8.29507,1.19,1.00
2015.02.25 22:49:41.166,8.28054,8.29507,1.19,1.00
2015.02.25 22:49:43.171,8.28054,8.29507,1.19,1.00
2015.02.25 22:49:45.178,8.28054,8.29507,1.19,1.00
2015.02.25 22:49:46.650,8.28054,8.29497,1.19,1.00
2015.02.25 22:49:47.484,8.28043,8.29497,1.19,1.00
2015.02.25 22:49:49.488,8.28043,8.29497,1.19,1.00
2015.02.25 22:49:51.492,8.28044,8.29497,1.19,1.00
2015.02.25 22:49:54.538,8.28044,8.29497,1.19,1.00
2015.02.25 22:49:58.507,8.28044,8.29497,1.19,1.00
2015.02.25 22:50:00.522,8.28044,8.29497,1.19,1.00
2015.02.25 22:50:02.531,8.28044,8.29497,1.19,1.00
2015.02.25 22:50:04.536,8.28044,8.29497,1.19,1.00
2015.02.25 22:50:07.471,8.28044,8.29497,1.94,1.00
2015.02.25 22:50:09.950,8.28043,8.29497,1.94,1.00
2015.02.25 22:50:11.954,8.28043,8.29497,1.94,1.00
2015.02.25 22:50:14.260,8.28043,8.29497,1.94,1.00
2015.02.25 22:50:17.668,8.28043,8.29497,1.94,1.00
2015.02.25 22:50:20.274,8.28043,8.29497,1.94,1.00
2015.02.25 22:50:22.279,8.28043,8.29497,1.94,1.00
2015.02.25 22:50:25.187,8.28043,8.29497,1.94,1.00
2015.02.25 22:50:27.292,8.28043,8.29497,1.94,1.00
2015.02.25 22:50:29.499,8.28043,8.29497,1.94,1.00
2015.02.25 22:50:31.904,8.28043,8.29497,1.94,1.00
2015.02.25 22:50:34.108,8.28043,8.29497,1.94,1.00
2015.02.25 22:50:36.212,8.28043,8.29497,1.94,1.00
2015.02.25 22:50:38.718,8.28043,8.29497,1.94,1.00
2015.02.25 22:50:40.724,8.28103,8.29497,1.94,1.00
2015.02.25 22:50:42.728,8.28103,8.29497,1.94,1.00
2015.02.25 22:50:43.229,8.28103,8.29497,1.75,1.00
2015.02.25 22:50:45.435,8.28103,8.29497,1.94,1.00
2015.02.25 22:50:46.287,8.28139,8.29497,1.94,1.00
2015.02.25 22:50:47.790,8.28103,8.29497,1.94,1.00
2015.02.25 22:50:50.548,8.28103,8.29497,1.94,1.00
2015.02.25 22:50:53.296,8.28103,8.29497,1.19,1.00
2015.02.25 22:50:55.263,8.28103,8.29497,1.19,1.00
2015.02.25 22:50:58.668,8.28103,8.29497,1.19,1.00
2015.02.25 22:51:01.198,8.28103,8.29497,1.19,1.00
2015.02.25 22:51:03.203,8.28103,8.29497,1.19,1.00
2015.02.25 22:51:05.308,8.28103,8.29497,1.19,1.00
2015.02.25 22:51:07.514,8.28103,8.29497,1.19,1.00
2015.02.25 22:51:09.518,8.28103,8.29497,1.19,1.00
2015.02.25 22:51:12.325,8.28103,8.29497,1.19,1.00
2015.02.25 22:51:14.331,8.28103,8.29497,1.19,1.00
2015.02.25 22:51:16.335,8.28103,8.29497,1.19,1.00
2015.02.25 22:51:18.415,8.28103,8.29497,1.94,1.00
2015.02.25 22:51:18.731,8.28103,8.29497,1.94,1.00
2015.02.25 22:51:20.945,8.28103,8.29497,1.94,1.00
2015.02.25 22:51:23.574,8.28103,8.29497,1.94,1.00
2015.02.25 22:51:24.890,8.28143,8.29007,1.75,0.75
2015.02.25 22:51:25.231,8.28143,8.29007,1.75,1.00
2015.02.25 22:51:25.662,8.28143,8.29005,1.75,1.00
2015.02.25 22:51:26.420,8.28143,8.28939,1.75,1.00
2015.02.25 22:51:30.308,8.28157,8.28939,1.75,1.00
2015.02.25 22:51:35.097,8.28157,8.28939,1.75,1.00
2015.02.25 22:51:39.289,8.28157,8.28817,1.75,1.00
2015.02.25 22:51:49.869,8.28147,8.28817,1.75,1.00
2015.02.25 22:51:52.277,8.28147,8.28817,1.75,1.00
2015.02.25 22:51:55.267,8.28145,8.28817,1.00,1.00
2015.02.25 22:51:55.368,8.28144,8.28817,1.75,1.00
2015.02.25 22:51:55.953,8.28144,8.28817,1.75,1.00
2015.02.25 22:51:58.252,8.28144,8.28817,1.00,1.00
2015.02.25 22:51:58.354,8.28134,8.28817,1.75,1.00
2015.02.25 22:51:59.797,8.28134,8.28817,1.75,1.00
2015.02.25 22:52:00.785,8.28134,8.28817,1.00,1.00
2015.02.25 22:52:00.905,8.28135,8.28817,1.75,1.00
2015.02.25 22:52:01.917,8.28136,8.28817,1.75,1.00
2015.02.25 22:52:03.677,8.28136,8.28817,1.75,1.00
2015.02.25 22:52:05.683,8.28134,8.28817,1.75,1.00
2015.02.25 22:52:18.875,8.28138,8.28817,1.75,1.00
2015.02.25 22:52:19.327,8.28145,8.28817,1.00,1.00
2015.02.25 22:52:19.428,8.28145,8.28817,1.75,1.00
2015.02.25 22:52:21.132,8.28145,8.28817,1.00,1.00
2015.02.25 22:52:21.228,8.28147,8.28817,1.00,1.00
2015.02.25 22:52:21.529,8.28147,8.28817,1.75,1.00
2015.02.25 22:52:22.037,8.28147,8.28817,1.00,1.00
2015.02.25 22:52:22.088,8.28112,8.28817,1.37,1.00
2015.02.25 22:52:22.138,8.28112,8.28817,1.75,1.00
2015.02.25 22:52:57.578,8.2814,8.28727,1.00,1.00
2015.02.25 22:52:57.629,8.2804,8.28727,1.12,1.00
2015.02.25 22:52:57.680,8.27994,8.28727,1.75,1.00
2015.02.25 22:52:57.881,8.27989,8.28947,1.50,1.00
2015.02.25 22:52:57.932,8.27989,8.29185,1.50,1.00
2015.02.25 22:52:58.033,8.27806,8.2944,1.00,1.00
2015.02.25 22:52:58.134,8.28017,8.2944,1.00,1.00
2015.02.25 22:52:58.235,8.27898,8.2944,2.10,0.75
2015.02.25 22:52:58.335,8.27972,8.29606,0.75,0.75
2015.02.25 22:53:03.601,8.27943,8.29705,0.75,1.00
2015.02.25 22:53:04.598,8.27943,8.29705,0.75,1.75
2015.02.25 22:53:04.707,8.27943,8.29705,1.00,1.00
2015.02.25 22:53:06.612,8.27943,8.29705,1.00,1.75
2015.02.25 22:53:07.917,8.27943,8.29705,1.50,1.00
2015.02.25 22:53:08.336,8.27943,8.29705,1.75,1.75
2015.02.25 22:53:08.539,8.27979,8.29705,1.00,1.00
2015.02.25 22:53:08.640,8.27943,8.29705,1.00,1.00
2015.02.25 22:53:08.690,8.28005,8.29639,0.75,1.00
2015.02.25 22:53:09.512,8.28005,8.29639,1.75,1.00
2015.02.25 22:53:09.622,8.28005,8.29639,1.75,1.00
2015.02.25 22:53:12.349,8.28005,8.29639,1.00,1.00
2015.02.25 22:53:12.449,8.28005,8.29639,1.75,1.00
2015.02.25 22:53:12.550,8.28005,8.29639,1.00,1.00
2015.02.25 22:53:14.638,8.28005,8.29639,1.75,1.00
2015.02.25 22:53:14.740,8.2804,8.29711,1.00,1.00
2015.02.25 22:53:17.654,8.2804,8.29711,1.75,1.75
2015.02.25 22:53:18.691,8.2804,8.29711,1.00,1.75
2015.02.25 22:53:18.943,8.2804,8.29711,1.75,1.75
2015.02.25 22:53:19.797,8.2804,8.29711,1.75,1.00
2015.02.25 22:53:19.848,8.28113,8.29747,1.00,1.00
2015.02.25 22:53:21.175,8.28113,8.29747,1.00,1.75
2015.02.25 22:53:22.487,8.28113,8.29747,1.00,1.00
2015.02.25 22:53:22.788,8.28113,8.29747,1.00,1.75
2015.02.25 22:53:26.137,8.28113,8.29747,1.00,1.94
2015.02.25 22:53:26.238,8.2802,8.29538,1.00,1.75
2015.02.25 22:53:26.349,8.28103,8.29538,1.00,1.75
2015.02.25 22:53:26.400,8.28103,8.29538,1.00,1.75
2015.02.25 22:53:26.501,8.2802,8.29538,1.00,1.75
2015.02.25 22:53:26.553,8.2802,8.29518,1.00,1.12
2015.02.25 22:53:27.851,8.2802,8.29302,1.00,1.00
2015.02.25 22:53:32.419,8.2802,8.29287,1.00,1.00
2015.02.25 22:53:33.433,8.2802,8.29267,1.00,1.00
2015.02.25 22:53:34.371,8.2802,8.29257,1.00,1.00
2015.02.25 22:53:36.355,8.2802,8.29247,1.00,1.00
2015.02.25 22:53:36.696,8.27962,8.29247,1.00,1.00
2015.02.25 22:53:36.962,8.27789,8.29247,1.00,1.00
2015.02.25 22:53:42.508,8.27745,8.29247,1.00,1.00
2015.02.25 22:53:43.346,8.27745,8.28977,1.00,1.00
2015.02.25 22:53:45.476,8.27714,8.28977,1.00,1.00
2015.02.25 22:53:52.504,8.27825,8.28977,0.75,1.00
2015.02.25 22:53:59.220,8.27856,8.28977,0.75,1.00
2015.02.25 22:54:07.735,8.27867,8.28977,1.00,1.00
2015.02.25 22:54:13.292,8.2788,8.28977,1.00,1.00
2015.02.25 22:54:19.363,8.27915,8.28977,1.00,1.00
2015.02.25 22:54:19.864,8.27694,8.28977,1.75,1.00
2015.02.25 22:54:24.556,8.27627,8.28987,1.75,1.00
2015.02.25 22:54:24.812,8.27627,8.28987,1.00,1.00
2015.02.25 22:54:24.863,8.27533,8.28987,1.00,1.00
2015.02.25 22:54:24.963,8.27388,8.28987,2.06,1.00
2015.02.25 22:54:25.814,8.27388,8.28987,2.06,1.00
2015.02.25 22:54:27.917,8.27388,8.28987,2.06,1.00
2015.02.25 22:54:30.122,8.27388,8.28987,2.06,1.00
2015.02.25 22:54:32.926,8.27388,8.28987,2.06,1.00
2015.02.25 22:54:35.431,8.27388,8.28987,2.06,1.00
2015.02.25 22:54:37.467,8.27388,8.28987,1.87,1.00
2015.02.25 22:54:39.538,8.27388,8.28987,2.06,1.00
2015.02.25 22:54:42.343,8.27388,8.28987,1.87,1.00
2015.02.25 22:54:53.462,8.27388,8.28987,2.06,1.00
2015.02.25 22:54:56.267,8.27388,8.28987,2.06,1.00
2015.02.25 22:54:58.873,8.27388,8.28987,2.06,1.00
2015.02.25 22:55:00.899,8.27388,8.28987,2.06,1.00
2015.02.25 22:55:02.398,8.27388,8.28977,2.06,1.00
2015.02.25 22:55:03.105,8.27388,8.28977,2.06,1.00
2015.02.25 22:55:05.809,8.27388,8.28977,1.87,1.00
2015.02.25 22:55:08.213,8.27388,8.28977,2.06,1.00
2015.02.25 22:55:08.648,8.27391,8.28977,1.01,1.00
2015.02.25 22:55:10.317,8.27414,8.28977,1.94,1.00
2015.02.25 22:55:12.540,8.27414,8.28977,1.94,1.00
2015.02.25 22:55:14.825,8.27414,8.28977,1.94,1.00
2015.02.25 22:55:18.022,8.27414,8.28977,1.94,1.00
2015.02.25 22:55:25.662,8.276,8.28977,1.00,1.00
2015.02.25 22:55:28.040,8.276,8.28977,1.75,1.00
2015.02.25 22:55:34.877,8.27503,8.28977,1.75,1.00
2015.02.25 22:55:35.155,8.27503,8.28977,1.75,1.00
2015.02.25 22:55:35.257,8.27577,8.28977,1.75,1.00
2015.02.25 22:55:35.757,8.27503,8.28977,1.75,1.00
2015.02.25 22:55:35.857,8.27577,8.28977,1.75,1.00
2015.02.25 22:55:37.349,8.27652,8.28977,1.00,1.00
2015.02.25 22:55:37.450,8.27562,8.28977,2.25,1.00
2015.02.25 22:55:38.205,8.27498,8.28977,1.94,1.00
2015.02.25 22:55:38.856,8.27647,8.28977,1.00,1.00
2015.02.25 22:55:39.365,8.27568,8.28977,1.94,1.00
2015.02.25 22:55:39.483,8.27557,8.28977,1.94,1.00
2015.02.25 22:55:40.870,8.275,8.28977,1.94,1.00
2015.02.25 22:55:40.971,8.27634,8.28977,1.00,1.00
2015.02.25 22:55:41.072,8.27513,8.28977,1.31,1.00
2015.02.25 22:55:42.774,8.27494,8.28977,1.94,1.00
2015.02.25 22:55:43.077,8.27619,8.28957,1.75,1.00
2015.02.25 22:55:43.376,8.27619,8.28957,1.00,1.00
2015.02.25 22:55:43.427,8.27529,8.28957,2.44,1.00
2015.02.25 22:55:43.528,8.27529,8.28957,1.94,1.00
2015.02.25 22:55:45.481,8.27502,8.28957,1.94,1.00
2015.02.25 22:55:45.582,8.2754,8.28957,1.75,1.00
2015.02.25 22:55:46.513,8.27421,8.28957,1.19,1.00
2015.02.25 22:55:47.588,8.27361,8.28957,1.93,1.00
2015.02.25 22:55:49.689,8.27361,8.28957,1.93,1.00
2015.02.25 22:55:51.094,8.27371,8.28957,1.31,1.00
2015.02.25 22:55:51.597,8.27473,8.29207,1.00,1.00
2015.02.25 22:55:51.698,8.27473,8.29437,1.00,1.00
2015.02.25 22:55:51.798,8.27473,8.29448,1.00,1.50
2015.02.25 22:55:51.849,8.27473,8.29642,1.00,3.57
2015.02.25 22:56:01.049,8.27473,8.3024,1.00,1.00
2015.02.25 22:56:02.975,8.27473,8.30199,1.00,1.00
2015.02.25 22:56:03.075,8.27473,8.3024,1.00,1.00
2015.02.25 22:56:03.941,8.27473,8.3024,1.00,1.75
2015.02.25 22:56:04.323,8.27473,8.30104,1.00,1.00
2015.02.25 22:56:04.536,8.27473,8.302,1.00,1.00
2015.02.25 22:56:04.636,8.27473,8.30104,1.00,1.00
2015.02.25 22:56:05.249,8.27473,8.302,1.00,1.00
2015.02.25 22:56:05.300,8.27473,8.3024,1.00,1.00
2015.02.25 22:56:06.752,8.27473,8.3024,1.00,1.75
2015.02.25 22:56:07.054,8.27473,8.302,1.00,1.75
2015.02.25 22:56:07.154,8.27473,8.30104,1.00,1.00
2015.02.25 22:56:08.377,8.27473,8.302,1.00,1.75
2015.02.25 22:56:08.478,8.27473,8.30104,1.00,1.00
2015.02.25 22:56:11.088,8.27473,8.30239,1.00,1.00
2015.02.25 22:56:18.071,8.27473,8.30264,1.00,1.00
2015.02.25 22:56:20.899,8.27473,8.30264,1.00,1.75
2015.02.25 22:56:21.516,8.27475,8.30304,1.00,1.75
2015.02.25 22:56:21.888,8.27475,8.30304,1.00,1.75
2015.02.25 22:56:22.917,8.27475,8.30307,1.00,1.75
2015.02.25 22:56:24.495,8.27475,8.30307,1.00,1.75
2015.02.25 22:56:26.710,8.27475,8.30307,1.00,1.00
2015.02.25 22:56:27.812,8.27475,8.30304,1.00,1.75
2015.02.25 22:56:28.935,8.27475,8.30301,1.00,1.00
2015.02.25 22:56:28.989,8.27475,8.30307,1.00,1.00
2015.02.25 22:56:30.001,8.27475,8.30301,1.00,1.00
2015.02.25 22:56:30.547,8.27475,8.30301,1.00,1.75
2015.02.25 22:56:30.868,8.27538,8.30301,1.00,1.75
2015.02.25 22:56:31.408,8.27771,8.30301,1.69,1.75
2015.02.25 22:56:32.811,8.27771,8.30307,1.57,1.75
2015.02.25 22:56:32.912,8.27694,8.30307,1.37,1.75
2015.02.25 22:56:32.967,8.27771,8.30307,1.58,1.75
2015.02.25 22:56:33.112,8.27771,8.30307,1.58,1.00
2015.02.25 22:56:33.512,8.27761,8.30307,1.90,1.75
2015.02.25 22:56:33.916,8.27681,8.30307,1.79,1.75
2015.02.25 22:56:34.026,8.27681,8.30307,1.79,1.75
2015.02.25 22:56:34.884,8.27761,8.30307,2.10,1.75
2015.02.25 22:56:37.873,8.27671,8.30307,1.62,1.75
2015.02.25 22:56:38.234,8.27611,8.30307,1.47,1.00
2015.02.25 22:56:38.627,8.27621,8.30307,1.12,1.00
2015.02.25 22:56:38.728,8.27601,8.30307,1.76,1.00
2015.02.25 22:56:38.779,8.27554,8.30307,1.37,1.00
2015.02.25 22:56:38.934,8.27558,8.30307,1.12,1.00
2015.02.25 22:56:39.054,8.27554,8.30307,1.37,1.00
2015.02.25 22:56:39.955,8.27611,8.30307,1.39,1.00
2015.02.25 22:56:40.871,8.27544,8.30307,1.97,1.00
2015.02.25 22:56:41.050,8.27544,8.30245,1.97,1.75
2015.02.25 22:56:41.100,8.27544,8.30245,1.00,1.75
2015.02.25 22:56:42.042,8.27544,8.30245,1.00,1.00
2015.02.25 22:56:42.093,8.27544,8.30307,1.00,1.00
2015.02.25 22:56:42.364,8.27573,8.30307,1.00,1.00
2015.02.25 22:56:42.483,8.27544,8.30307,1.00,1.00
2015.02.25 22:56:42.769,8.27544,8.30234,1.00,1.00
2015.02.25 22:56:43.088,8.27611,8.30234,1.69,1.75
2015.02.25 22:56:43.373,8.27612,8.30197,1.51,1.00
2015.02.25 22:56:43.424,8.27612,8.30307,1.51,1.00
2015.02.25 22:56:49.131,8.27612,8.30226,1.57,1.00
2015.02.25 22:56:50.007,8.27611,8.30226,1.72,1.75
2015.02.25 22:56:50.150,8.27611,8.30226,1.72,1.00
2015.02.25 22:56:50.281,8.27611,8.30209,1.00,1.75
2015.02.25 22:56:51.255,8.27611,8.30209,1.11,1.75
2015.02.25 22:57:07.827,8.27611,8.30173,1.59,1.00
2015.02.25 22:57:07.928,8.27691,8.30294,1.94,3.10
2015.02.25 22:57:07.992,8.27691,8.30297,1.84,1.00
2015.02.25 22:57:09.017,8.27711,8.30297,1.12,1.00
2015.02.25 22:57:09.374,8.27701,8.30215,1.42,1.75
2015.02.25 22:57:10.500,8.27701,8.30215,1.42,1.75
2015.02.25 22:57:10.551,8.27643,8.30215,1.00,1.75
2015.02.25 22:57:10.653,8.27701,8.30198,1.52,1.75
2015.02.25 22:57:23.474,8.27701,8.30198,1.52,1.75
2015.02.25 22:57:23.525,8.27741,8.30198,1.35,1.75
2015.02.25 22:57:24.025,8.27731,8.30215,1.09,1.75
2015.02.25 22:57:24.430,8.27731,8.30215,1.09,1.00
2015.02.25 22:57:24.531,8.27731,8.30307,1.62,1.00
2015.02.25 22:57:26.088,8.27721,8.3028,1.50,1.00
2015.02.25 22:57:26.683,8.27721,8.30281,1.31,1.75
2015.02.25 22:57:38.197,8.27741,8.30281,1.12,1.00
2015.02.25 22:57:38.306,8.27742,8.30307,1.12,1.00
2015.02.25 22:57:38.458,8.27722,8.30307,1.42,1.00
2015.02.25 22:57:38.959,8.27742,8.30307,1.37,1.00
2015.02.25 22:57:39.059,8.27722,8.30307,1.42,1.00
2015.02.25 22:57:40.161,8.27741,8.30307,1.12,1.00
2015.02.25 22:57:40.283,8.27722,8.30307,1.42,1.00
2015.02.25 22:57:41.012,8.27722,8.30307,1.42,1.75
2015.02.25 22:57:41.113,8.27691,8.30223,1.16,1.75
2015.02.25 22:57:47.767,8.27772,8.30223,1.00,1.75
2015.02.25 22:57:48.116,8.27781,8.30148,2.02,1.75
2015.02.25 22:57:56.227,8.27783,8.30148,1.99,1.75
2015.02.25 22:57:56.751,8.27792,8.30138,1.42,1.75
2015.02.25 22:57:57.330,8.27792,8.30138,1.42,1.75
2015.02.25 22:57:58.432,8.27792,8.30138,1.42,1.75
2015.02.25 22:57:59.636,8.27792,8.30173,1.42,1.00
2015.02.25 22:57:59.739,8.27791,8.30239,1.03,1.12
2015.02.25 22:58:00.593,8.27791,8.30145,1.57,1.00
2015.02.25 22:58:01.000,8.27791,8.30144,1.64,1.75
2015.02.25 22:58:01.448,8.27791,8.30145,1.64,1.75
2015.02.25 22:58:01.557,8.27793,8.3012,1.00,1.75
2015.02.25 22:58:01.660,8.27783,8.3012,1.96,1.75
2015.02.25 22:58:02.702,8.27783,8.3012,1.96,1.75
2015.02.25 22:58:04.907,8.27783,8.3012,1.96,1.00
2015.02.25 22:58:05.007,8.27783,8.30209,1.96,2.25
2015.02.25 22:58:05.239,8.27791,8.30137,1.08,1.00
2015.02.25 22:58:05.641,8.27791,8.30136,1.12,1.75
2015.02.25 22:58:07.371,8.27791,8.30137,1.12,1.00
2015.02.25 22:58:07.511,8.27791,8.30137,1.12,1.75
2015.02.25 22:58:08.384,8.27791,8.30137,1.12,1.00
2015.02.25 22:58:08.574,8.27791,8.30137,1.12,1.75
2015.02.25 22:58:10.285,8.27791,8.30137,1.12,1.00
2015.02.25 22:58:10.479,8.27791,8.30137,1.12,1.75
2015.02.25 22:58:11.419,8.27791,8.30136,1.12,1.00
2015.02.25 22:58:11.620,8.27791,8.30136,1.12,1.75
2015.02.25 22:58:12.622,8.27791,8.30126,1.12,1.75
2015.02.25 22:58:15.827,8.27801,8.30206,1.12,1.75
2015.02.25 22:58:15.893,8.27791,8.30206,1.58,1.75
2015.02.25 22:58:16.094,8.27791,8.30258,1.42,1.75
2015.02.25 22:58:17.396,8.27801,8.30137,1.12,1.75
2015.02.25 22:58:17.497,8.27832,8.30139,1.00,1.00
2015.02.25 22:58:17.548,8.27783,8.30216,1.97,1.75
2015.02.25 22:58:18.110,8.27795,8.30251,1.12,1.75
2015.02.25 22:58:18.816,8.27832,8.30139,1.00,1.00
2015.02.25 22:58:19.117,8.27782,8.30137,1.87,1.00
2015.02.25 22:58:19.168,8.27783,8.30226,1.79,2.25
2015.02.25 22:58:19.402,8.27801,8.30258,1.12,1.75
2015.02.25 22:58:19.502,8.27796,8.30258,1.37,1.75
2015.02.25 22:58:19.803,8.27791,8.30258,1.52,1.75
2015.02.25 22:58:20.305,8.27783,8.30137,1.79,1.00
2015.02.25 22:58:20.428,8.27791,8.30239,1.01,1.75
2015.02.25 22:58:20.529,8.27801,8.30258,1.12,1.75
2015.02.25 22:58:20.630,8.27783,8.30258,1.97,1.75
2015.02.25 22:58:20.706,8.27783,8.30258,1.97,1.00
2015.02.25 22:58:20.831,8.27796,8.30307,1.37,1.37
2015.02.25 22:58:21.135,8.27828,8.30307,1.00,1.37
2015.02.25 22:58:21.257,8.27783,8.30307,1.97,1.37
2015.02.25 22:58:21.408,8.27801,8.30307,1.12,1.37
2015.02.25 22:58:21.609,8.27783,8.30307,1.97,1.37
2015.02.25 22:58:22.550,8.27796,8.30258,1.37,1.00
2015.02.25 22:58:22.763,8.27784,8.30307,1.97,1.37
2015.02.25 22:58:23.241,8.27783,8.30288,1.00,2.02
2015.02.25 22:58:23.291,8.27773,8.30288,1.00,2.02
2015.02.25 22:58:23.346,8.27721,8.30289,1.12,2.30
2015.02.25 22:58:23.397,8.2781,8.30289,1.00,2.30
2015.02.25 22:58:23.892,8.2781,8.30289,1.75,1.87
2015.02.25 22:58:25.320,8.2781,8.30289,1.75,1.87
2015.02.25 22:58:25.421,8.2772,8.30261,2.25,1.00
2015.02.25 22:58:25.472,8.27721,8.30289,1.12,1.57
2015.02.25 22:58:25.621,8.27721,8.30289,1.12,1.57
2015.02.25 22:58:25.722,8.27787,8.30289,1.00,1.57
2015.02.25 22:58:25.773,8.27732,8.30299,2.25,1.35
2015.02.25 22:58:25.922,8.27721,8.30289,1.12,1.41
2015.02.25 22:58:26.024,8.27822,8.30289,1.00,1.41
2015.02.25 22:58:26.124,8.27732,8.30289,2.25,1.11
2015.02.25 22:58:26.476,8.27743,8.30138,1.75,1.00
2015.02.25 22:58:26.627,8.27721,8.30173,1.12,1.00
2015.02.25 22:58:26.728,8.27721,8.30246,1.12,1.12
2015.02.25 22:58:26.829,8.27787,8.30289,1.00,1.11
2015.02.25 22:58:26.880,8.27721,8.30289,1.12,1.11
2015.02.25 22:58:27.026,8.27721,8.30289,1.12,1.11
2015.02.25 22:58:27.268,8.27732,8.30289,2.25,1.54
2015.02.25 22:58:27.422,8.27822,8.30289,1.00,1.48
2015.02.25 22:58:27.523,8.27732,8.30261,2.25,1.00
2015.02.25 22:58:27.573,8.27732,8.30261,2.25,1.75
2015.02.25 22:58:27.775,8.27721,8.30289,1.12,1.06
2015.02.25 22:58:27.928,8.27822,8.30289,1.00,1.11
2015.02.25 22:58:28.029,8.27733,8.30288,2.25,1.45
2015.02.25 22:58:28.194,8.27822,8.30288,1.00,1.52
2015.02.25 22:58:28.345,8.27723,8.30288,1.75,1.52
2015.02.25 22:58:28.533,8.27722,8.30278,1.12,1.12
2015.02.25 22:58:28.847,8.27822,8.30261,1.00,1.75
2015.02.25 22:58:28.898,8.27732,8.30261,2.25,1.75
2015.02.25 22:58:29.062,8.27721,8.30261,1.12,1.75
2015.02.25 22:58:29.163,8.27721,8.30261,1.12,1.75
2015.02.25 22:58:29.351,8.27721,8.30289,1.12,1.53
2015.02.25 22:58:29.703,8.27721,8.30255,1.12,1.00
2015.02.25 22:58:29.804,8.27721,8.30289,1.12,1.53
2015.02.25 22:58:29.905,8.27823,8.30289,1.00,1.53
2015.02.25 22:58:30.124,8.27733,8.30289,2.25,1.03
2015.02.25 22:58:30.236,8.27791,8.30299,1.00,2.02
2015.02.25 22:58:30.342,8.27736,8.30289,2.25,1.53
2015.02.25 22:58:30.509,8.27823,8.30289,1.00,1.45
2015.02.25 22:58:30.639,8.27733,8.30289,2.25,1.08
2015.02.25 22:58:30.742,8.27713,8.30299,1.37,1.98
2015.02.25 22:58:30.814,8.27714,8.30254,1.37,1.00
2015.02.25 22:58:30.915,8.27713,8.30299,1.37,1.98
2015.02.25 22:58:31.017,8.27823,8.30299,1.00,1.98
2015.02.25 22:58:31.144,8.27733,8.30289,1.50,1.53
2015.02.25 22:58:31.195,8.27711,8.30289,1.45,1.47
2015.02.25 22:58:31.353,8.27823,8.30289,1.00,1.47
2015.02.25 22:58:31.454,8.27733,8.30299,1.50,1.54
2015.02.25 22:58:31.555,8.27713,8.30289,1.37,1.42
2015.02.25 22:58:31.621,8.27823,8.30289,1.00,1.42
2015.02.25 22:58:31.747,8.27734,8.30298,1.50,1.80
2015.02.25 22:58:31.847,8.27713,8.30299,1.37,2.16
2015.02.25 22:58:31.925,8.27823,8.30299,1.00,2.16
2015.02.25 22:58:32.050,8.27733,8.30255,1.00,1.00
2015.02.25 22:58:32.150,8.27713,8.30298,1.37,1.39
2015.02.25 22:58:32.227,8.27823,8.30298,1.00,1.39
2015.02.25 22:58:32.333,8.27734,8.30288,1.50,1.52
2015.02.25 22:58:32.401,8.27711,8.30289,1.75,1.09
2015.02.25 22:58:32.530,8.27744,8.30289,1.00,1.09
2015.02.25 22:58:32.653,8.27733,8.30289,1.00,1.57
2015.02.25 22:58:32.704,8.27712,8.30288,2.19,1.42
2015.02.25 22:58:32.832,8.27745,8.30288,1.00,1.42
2015.02.25 22:58:32.934,8.27733,8.30289,1.00,1.52
2015.02.25 22:58:33.006,8.27713,8.30299,1.37,1.57
2015.02.25 22:58:33.057,8.27823,8.30299,1.00,1.57
2015.02.25 22:58:33.286,8.27713,8.30216,1.37,1.50
2015.02.25 22:58:33.336,8.27788,8.30252,1.00,1.74
2015.02.25 22:58:33.456,8.27711,8.30255,1.11,1.00
2015.02.25 22:58:33.512,8.27711,8.30244,1.39,1.00
2015.02.25 22:58:33.619,8.27713,8.30255,1.37,1.00
2015.02.25 22:58:33.738,8.27747,8.30216,1.00,1.00
2015.02.25 22:58:33.839,8.27713,8.30259,1.37,1.00
2015.02.25 22:58:34.042,8.27789,8.30289,1.00,1.56
2015.02.25 22:58:34.165,8.27735,8.30298,1.50,1.63
2015.02.25 22:58:34.217,8.27713,8.30289,1.37,1.42
2015.02.25 22:58:34.346,8.27713,8.30259,1.37,1.00
2015.02.25 22:58:34.447,8.27713,8.30289,1.37,1.42
2015.02.25 22:58:34.549,8.27824,8.30289,1.00,1.42
2015.02.25 22:58:34.669,8.27734,8.30289,1.50,1.58
2015.02.25 22:58:34.721,8.27726,8.30288,1.00,1.70
2015.02.25 22:58:34.772,8.27713,8.30288,1.37,1.70
2015.02.25 22:58:34.854,8.27825,8.30288,1.00,1.70
2015.02.25 22:58:34.959,8.27734,8.30289,1.50,1.58
2015.02.25 22:58:35.023,8.27713,8.30289,1.37,1.45
2015.02.25 22:58:35.075,8.27824,8.30289,1.00,1.45
2015.02.25 22:58:35.155,8.27727,8.30289,1.00,1.45
2015.02.25 22:58:35.286,8.27713,8.30289,1.37,1.45
2015.02.25 22:58:35.357,8.27746,8.30289,1.00,1.45
2015.02.25 22:58:35.476,8.27734,8.30289,1.00,1.08
2015.02.25 22:58:35.577,8.27824,8.30299,1.00,1.94
2015.02.25 22:58:35.660,8.27728,8.30299,1.00,1.94
2015.02.25 22:58:35.761,8.27713,8.30299,1.37,1.94
2015.02.25 22:58:35.862,8.27789,8.30299,1.00,1.94
2015.02.25 22:58:35.979,8.27734,8.30289,1.00,1.39
2015.02.25 22:58:36.163,8.27745,8.30289,1.00,1.42
2015.02.25 22:58:36.281,8.27734,8.30299,1.00,1.87
2015.02.25 22:58:36.332,8.27713,8.30299,1.37,1.16
2015.02.25 22:58:36.382,8.27824,8.30299,1.00,1.16
2015.02.25 22:58:36.467,8.27728,8.30259,1.00,1.00
2015.02.25 22:58:36.567,8.27713,8.30299,1.37,1.16
2015.02.25 22:58:36.669,8.27825,8.30299,1.00,1.16
2015.02.25 22:58:36.784,8.27734,8.30299,1.50,1.35
2015.02.25 22:58:36.835,8.27728,8.30289,1.00,1.01
2015.02.25 22:58:36.886,8.27713,8.30289,1.37,1.01
2015.02.25 22:58:37.035,8.27734,8.30289,1.50,1.42
2015.02.25 22:58:37.137,8.27713,8.30289,1.37,1.01
2015.02.25 22:58:37.272,8.27745,8.30289,1.00,1.01
2015.02.25 22:58:37.389,8.27734,8.30289,1.50,1.62
2015.02.25 22:58:37.440,8.27713,8.30298,1.37,1.42
2015.02.25 22:58:37.490,8.27824,8.30298,1.00,1.42
2015.02.25 22:58:37.691,8.27734,8.30289,1.50,1.01
2015.02.25 22:58:37.792,8.27713,8.30289,1.37,1.62
2015.02.25 22:58:37.877,8.27789,8.30289,1.00,1.62
2015.02.25 22:58:37.993,8.27734,8.30299,1.50,1.91
2015.02.25 22:58:38.137,8.27713,8.30289,1.37,1.57
2015.02.25 22:58:38.187,8.27745,8.30259,1.00,1.00
2015.02.25 22:58:38.295,8.27734,8.30299,1.50,1.46
2015.02.25 22:58:38.395,8.27824,8.30288,1.00,1.57
2015.02.25 22:58:38.496,8.27789,8.30299,1.00,1.46
2015.02.25 22:58:38.581,8.27734,8.30299,1.50,1.46
2015.02.25 22:58:38.646,8.27713,8.30289,1.37,1.47
2015.02.25 22:58:38.697,8.27823,8.30289,1.00,1.47
2015.02.25 22:58:38.798,8.27733,8.30289,1.50,1.46
2015.02.25 22:58:38.899,8.27713,8.30298,1.37,1.91
2015.02.25 22:58:38.983,8.27823,8.30298,1.00,1.91
2015.02.25 22:58:39.084,8.27729,8.30298,1.00,1.91
2015.02.25 22:58:39.184,8.27713,8.30298,1.37,1.91
2015.02.25 22:58:39.285,8.27788,8.30131,1.00,1.00
2015.02.25 22:58:39.401,8.27733,8.30131,1.00,1.00
2015.02.25 22:58:39.517,8.27713,8.30131,1.37,1.00
2015.02.25 22:58:40.396,8.27807,8.30133,1.00,1.00
2015.02.25 22:58:40.511,8.27713,8.30131,1.37,1.00
2015.02.25 22:58:40.864,8.27738,8.30131,1.00,1.00
2015.02.25 22:58:40.914,8.27738,8.30221,1.00,1.00
2015.02.25 22:58:40.965,8.27713,8.30232,1.37,1.00
2015.02.25 22:58:41.015,8.27823,8.30253,1.00,1.57
2015.02.25 22:58:41.066,8.27823,8.3026,1.00,1.00
2015.02.25 22:58:41.204,8.27713,8.3026,1.37,1.00
2015.02.25 22:58:41.607,8.27713,8.30288,1.37,1.72
2015.02.25 22:58:41.808,8.27788,8.30288,1.00,1.72
2015.02.25 22:58:41.919,8.27733,8.3026,1.00,1.00
2015.02.25 22:58:41.972,8.27713,8.3026,1.37,1.00
2015.02.25 22:58:42.113,8.27823,8.30288,1.00,1.57
2015.02.25 22:58:42.222,8.27733,8.30289,1.50,1.47
2015.02.25 22:58:42.273,8.27713,8.30289,1.37,2.40
2015.02.25 22:58:42.415,8.27744,8.30289,1.00,2.40
2015.02.25 22:58:42.524,8.27733,8.30289,1.50,1.56
2015.02.25 22:58:42.624,8.27823,8.30289,1.00,1.49
2015.02.25 22:58:42.719,8.27711,8.30289,2.20,1.49
2015.02.25 22:58:42.956,8.27823,8.3026,1.00,1.00
2015.02.25 22:58:43.223,8.27713,8.30172,1.37,1.00
2015.02.25 22:58:43.324,8.27713,8.30227,1.37,1.50
2015.02.25 22:58:43.382,8.27713,8.3026,1.37,1.00
2015.02.25 22:58:43.432,8.27823,8.3026,1.00,1.00
2015.02.25 22:58:43.526,8.27711,8.3026,1.48,1.00
2015.02.25 22:58:43.627,8.27713,8.30299,1.37,2.21
2015.02.25 22:58:43.728,8.27748,8.30299,1.00,2.21
2015.02.25 22:58:43.835,8.27736,8.30289,1.00,1.41
2015.02.25 22:58:43.886,8.27711,8.30299,1.45,1.54
2015.02.25 22:58:44.032,8.27711,8.30141,1.45,1.00
2015.02.25 22:58:44.377,8.27745,8.30221,1.00,1.00
2015.02.25 22:58:44.478,8.27733,8.30233,1.50,1.50
2015.02.25 22:58:44.578,8.27821,8.30235,1.00,1.00
2015.02.25 22:58:44.739,8.27714,8.30228,1.37,1.00
2015.02.25 22:58:44.848,8.27824,8.30249,1.00,1.87
2015.02.25 22:58:44.899,8.27824,8.30264,1.00,1.00
2015.02.25 22:58:44.950,8.27711,8.30289,1.49,1.61
2015.02.25 22:58:45.148,8.27821,8.30289,1.00,1.61
2015.02.25 22:58:45.286,8.27742,8.30264,1.00,1.00
2015.02.25 22:58:45.387,8.27731,8.30289,1.50,1.66
2015.02.25 22:58:45.488,8.27786,8.30289,1.00,1.75
2015.02.25 22:58:45.588,8.27731,8.30289,1.50,1.45
2015.02.25 22:58:45.639,8.27713,8.30289,1.37,1.57
2015.02.25 22:58:45.689,8.27834,8.30289,1.00,1.57
2015.02.25 22:58:45.747,8.27734,8.30289,1.00,1.57
2015.02.25 22:58:45.850,8.27744,8.30289,1.00,1.45
2015.02.25 22:58:45.901,8.27713,8.30288,1.37,1.79
2015.02.25 22:58:45.952,8.27755,8.30288,1.00,1.79
2015.02.25 22:58:46.054,8.27745,8.30288,1.50,1.67
2015.02.25 22:58:46.105,8.27713,8.30298,1.37,2.17
2015.02.25 22:58:46.354,8.27714,8.30265,1.37,1.00
2015.02.25 22:58:46.454,8.27713,8.30298,1.37,2.17
2015.02.25 22:58:46.862,8.27831,8.30289,1.00,1.67
2015.02.25 22:58:46.966,8.27731,8.30289,1.00,1.67
2015.02.25 22:58:47.067,8.27713,8.30289,1.37,1.67
2015.02.25 22:58:47.221,8.27724,8.30299,1.00,1.91
2015.02.25 22:58:47.373,8.27713,8.30289,1.37,1.09
2015.02.25 22:58:47.473,8.27823,8.30289,1.00,1.09
2015.02.25 22:58:47.574,8.27711,8.30289,1.54,1.09
2015.02.25 22:58:47.625,8.27733,8.30299,1.00,1.92
2015.02.25 22:58:47.726,8.27713,8.30299,1.37,1.54
2015.02.25 22:58:47.776,8.27744,8.30267,1.00,1.00
2015.02.25 22:58:47.877,8.27713,8.30267,1.37,1.00
2015.02.25 22:58:48.128,8.27733,8.30267,1.00,1.00
2015.02.25 22:58:48.230,8.27713,8.30267,1.37,1.00
2015.02.25 22:58:48.280,8.27823,8.30267,1.00,1.00
2015.02.25 22:58:48.424,8.27744,8.30267,1.00,1.00
2015.02.25 22:58:48.482,8.27713,8.30289,1.37,1.37
2015.02.25 22:58:48.583,8.27733,8.30289,1.00,1.46
2015.02.25 22:58:48.736,8.27714,8.30289,1.37,1.42
2015.02.25 22:58:48.887,8.27737,8.30289,1.50,1.37
2015.02.25 22:58:49.040,8.27713,8.30269,1.37,1.00
2015.02.25 22:58:49.190,8.27731,8.30289,1.00,1.09
2015.02.25 22:58:49.291,8.27713,8.30289,1.37,1.09
2015.02.25 22:58:49.391,8.27827,8.30289,1.00,1.09
2015.02.25 22:58:49.492,8.27792,8.30299,1.00,1.57
2015.02.25 22:58:49.593,8.27713,8.30289,1.37,1.39
2015.02.25 22:58:49.895,8.27827,8.30289,1.00,1.39
2015.02.25 22:58:49.996,8.27748,8.30289,1.00,1.39
2015.02.25 22:58:50.097,8.27713,8.30289,1.37,1.05
2015.02.25 22:58:50.197,8.27748,8.30269,1.00,1.00
2015.02.25 22:58:50.298,8.27737,8.30289,1.50,1.05
2015.02.25 22:58:50.399,8.27832,8.30299,1.00,1.95
2015.02.25 22:58:50.550,8.27748,8.30298,1.00,2.05
2015.02.25 22:58:50.700,8.27827,8.30299,1.00,1.87
2015.02.25 22:58:50.958,8.27713,8.30289,1.37,1.05
2015.02.25 22:58:51.009,8.27792,8.30289,1.00,1.05
2015.02.25 22:58:51.156,8.27721,8.30289,1.95,1.52
2015.02.25 22:58:51.207,8.27713,8.30289,1.37,1.05
2015.02.25 22:58:51.360,8.27747,8.30269,1.00,1.00
2015.02.25 22:58:51.410,8.27722,8.30289,1.50,1.42
2015.02.25 22:58:51.511,8.27828,8.30289,1.00,1.39
2015.02.25 22:58:51.612,8.27713,8.30289,1.37,1.39
2015.02.25 22:58:51.662,8.27739,8.30298,1.50,1.31
2015.02.25 22:58:51.713,8.27713,8.30289,1.37,1.52
2015.02.25 22:58:51.818,8.27818,8.30289,1.00,1.52
2015.02.25 22:58:51.966,8.27729,8.30299,2.23,1.39
2015.02.25 22:58:52.017,8.27743,8.30299,1.00,1.39
2015.02.25 22:58:52.118,8.27713,8.30289,1.37,1.52
2015.02.25 22:58:52.354,8.2774,8.30254,1.00,1.00
2015.02.25 22:58:52.420,8.27713,8.30254,1.37,1.00
2015.02.25 22:58:52.563,8.27784,8.30289,1.00,1.52
2015.02.25 22:58:52.621,8.27713,8.30289,1.37,1.52
2015.02.25 22:58:53.023,8.27819,8.30289,1.00,1.52
2015.02.25 22:58:53.125,8.27713,8.30289,1.37,1.99
2015.02.25 22:58:53.336,8.27819,8.30254,1.00,1.00
2015.02.25 22:58:53.426,8.27714,8.30253,1.37,1.00
2015.02.25 22:58:53.477,8.27729,8.30253,1.50,1.00
2015.02.25 22:58:53.528,8.27714,8.30253,1.37,1.00
2015.02.25 22:58:53.628,8.27728,8.30288,1.00,1.42
2015.02.25 22:58:53.780,8.27713,8.30289,1.37,1.42
2015.02.25 22:58:53.830,8.27713,8.30256,1.37,1.00
2015.02.25 22:58:54.166,8.27713,8.30289,1.37,1.42
2015.02.25 22:58:55.068,8.27741,8.30289,1.00,1.05
2015.02.25 22:58:55.141,8.2773,8.30289,1.00,1.05
2015.02.25 22:58:55.192,8.27714,8.30289,1.37,1.47
2015.02.25 22:58:55.369,8.27733,8.30263,1.50,1.00
2015.02.25 22:58:55.495,8.27713,8.30263,1.37,1.00
2015.02.25 22:58:55.546,8.27744,8.30263,1.00,1.00
2015.02.25 22:58:55.670,8.27713,8.30263,1.37,1.00
2015.02.25 22:58:55.871,8.27733,8.30289,1.50,1.42
2015.02.25 22:58:55.951,8.27713,8.30289,1.37,1.05
2015.02.25 22:58:56.146,8.27823,8.30289,1.00,1.05
2015.02.25 22:58:56.271,8.27733,8.30289,2.25,1.52
2015.02.25 22:58:56.397,8.27713,8.30289,1.37,1.46
2015.02.25 22:58:56.448,8.27823,8.30289,1.00,1.46
2015.02.25 22:58:56.572,8.27733,8.30289,2.25,1.62
2015.02.25 22:58:56.699,8.27713,8.30289,1.37,1.47
2015.02.25 22:58:56.952,8.27823,8.30289,1.00,1.47
2015.02.25 22:58:57.073,8.27733,8.30289,2.25,1.42
2015.02.25 22:58:57.205,8.27713,8.30299,1.37,2.07
2015.02.25 22:58:57.255,8.27823,8.30299,1.00,2.07
2015.02.25 22:58:57.367,8.27744,8.30289,1.00,1.09
2015.02.25 22:58:57.474,8.27713,8.30289,1.37,1.62
2015.02.25 22:58:57.674,8.27733,8.30263,2.25,1.00
2015.02.25 22:58:57.815,8.27713,8.30289,1.37,1.05
2015.02.25 22:58:57.975,8.27744,8.30299,1.00,1.80
2015.02.25 22:58:58.061,8.27733,8.30299,1.50,1.80
2015.02.25 22:58:58.112,8.27713,8.30299,1.37,1.24
2015.02.25 22:58:58.163,8.2782,8.30299,1.00,1.24
2015.02.25 22:58:58.265,8.27726,8.30299,1.00,1.50
2015.02.25 22:58:58.316,8.27729,8.30299,1.00,1.39
2015.02.25 22:58:58.420,8.27713,8.30299,1.37,1.57
2015.02.25 22:58:58.470,8.27819,8.30299,1.00,1.57
2015.02.25 22:58:58.577,8.27713,8.30299,1.37,1.57
2015.02.25 22:58:58.627,8.27729,8.30289,1.00,1.67
2015.02.25 22:58:58.682,8.27713,8.30289,1.37,1.62
2015.02.25 22:58:58.771,8.2774,8.30259,1.00,1.00
2015.02.25 22:58:58.890,8.27711,8.30259,2.20,1.00
2015.02.25 22:58:58.991,8.27825,8.30259,1.00,1.00
2015.02.25 22:58:59.135,8.27735,8.30289,1.50,1.57
2015.02.25 22:58:59.186,8.27713,8.30289,1.37,1.47
2015.02.25 22:58:59.293,8.27823,8.30258,1.00,1.00
2015.02.25 22:58:59.440,8.27732,8.30289,1.50,1.52
2015.02.25 22:58:59.491,8.27728,8.30289,1.00,1.37
2015.02.25 22:58:59.595,8.27713,8.30259,1.37,1.00
2015.02.25 22:58:59.697,8.27713,8.30289,1.37,1.37
2015.02.25 22:58:59.897,8.27743,8.30289,1.00,1.37
2015.02.25 22:58:59.998,8.27713,8.30289,1.37,1.37
2015.02.25 22:59:00.402,8.27743,8.30289,1.00,1.37
2015.02.25 22:59:00.502,8.27714,8.30289,1.37,1.37
2015.02.25 22:59:00.904,8.27788,8.30289,1.00,1.37
2015.02.25 22:59:01.043,8.27733,8.30267,1.50,1.00
2015.02.25 22:59:01.102,8.27711,8.30267,1.87,1.00
2015.02.25 22:59:01.209,8.27755,8.30267,1.00,1.00
2015.02.25 22:59:01.310,8.27736,8.30267,1.00,1.00
2015.02.25 22:59:01.547,8.27743,8.30267,1.00,1.00
2015.02.25 22:59:01.608,8.27713,8.30267,1.37,1.00
2015.02.25 22:59:01.713,8.27754,8.30267,1.00,1.00
2015.02.25 22:59:01.814,8.27713,8.30267,1.37,1.00
2015.02.25 22:59:02.319,8.2773,8.30267,1.00,1.50
2015.02.25 22:59:02.423,8.27713,8.30267,1.37,1.00
2015.02.25 22:59:03.015,8.27714,8.30267,1.72,1.00
2015.02.25 22:59:03.117,8.27713,8.30267,1.37,1.00
2015.02.25 22:59:03.590,8.27721,8.30267,1.12,1.75
2015.02.25 22:59:03.691,8.27746,8.30267,1.75,1.75
2015.02.25 22:59:03.945,8.2784,8.30267,1.00,1.75
2015.02.25 22:59:03.996,8.2784,8.30267,1.00,1.75
2015.02.25 22:59:04.047,8.2775,8.30267,1.75,1.75
2015.02.25 22:59:04.125,8.27721,8.30231,1.12,1.67
2015.02.25 22:59:04.326,8.27761,8.30267,1.75,1.75
2015.02.25 22:59:04.494,8.27721,8.30267,1.12,1.75
2015.02.25 22:59:04.830,8.2784,8.30267,1.00,1.75
2015.02.25 22:59:04.881,8.2775,8.30267,2.25,1.75
2015.02.25 22:59:04.996,8.27722,8.30267,1.12,1.75
2015.02.25 22:59:05.335,8.2784,8.30267,1.00,1.75
2015.02.25 22:59:05.385,8.2775,8.30267,1.75,1.75
2015.02.25 22:59:05.497,8.27721,8.30267,1.12,1.75
2015.02.25 22:59:05.598,8.27805,8.30267,1.00,1.75
2015.02.25 22:59:05.738,8.27721,8.30267,1.12,1.75
2015.02.25 22:59:06.092,8.27811,8.30267,1.00,1.75
2015.02.25 22:59:06.143,8.27811,8.30267,1.00,1.75
2015.02.25 22:59:06.256,8.27721,8.30267,1.12,1.75
2015.02.25 22:59:06.356,8.27721,8.30267,1.12,1.00
2015.02.25 22:59:06.889,8.27739,8.30267,1.12,1.00
2015.02.25 22:59:07.175,8.27722,8.30267,1.12,1.00
2015.02.25 22:59:07.327,8.27721,8.30267,1.12,1.75
2015.02.25 22:59:07.429,8.27721,8.30267,1.12,1.00
2015.02.25 22:59:07.579,8.27838,8.30267,1.00,1.00
2015.02.25 22:59:07.680,8.27721,8.30267,1.12,1.00
2015.02.25 22:59:07.831,8.27721,8.30267,1.12,1.00
2015.02.25 22:59:07.932,8.27742,8.30267,1.75,1.00
2015.02.25 22:59:08.426,8.27721,8.30267,1.12,1.00
2015.02.25 22:59:08.744,8.27738,8.30253,1.75,1.75
2015.02.25 22:59:08.946,8.27721,8.30253,1.12,1.00
2015.02.25 22:59:09.002,8.27721,8.30267,1.12,1.00
2015.02.25 22:59:09.255,8.27743,8.30267,1.75,1.00
2015.02.25 22:59:09.536,8.27713,8.30267,1.37,1.00
2015.02.25 22:59:09.760,8.27721,8.30267,1.12,1.00
2015.02.25 22:59:10.075,8.27721,8.30252,1.12,1.75
2015.02.25 22:59:10.181,8.27726,8.30267,1.75,1.00
2015.02.25 22:59:10.355,8.2779,8.30267,1.00,1.00
2015.02.25 22:59:10.676,8.27784,8.30267,1.37,1.00
2015.02.25 22:59:10.879,8.27819,8.30267,1.00,1.00
2015.02.25 22:59:10.932,8.27721,8.30267,1.12,1.00
2015.02.25 22:59:11.148,8.2785,8.30247,1.00,1.00
2015.02.25 22:59:11.299,8.27759,8.30267,1.50,1.00
2015.02.25 22:59:11.436,8.27828,8.30267,1.00,1.00
2015.02.25 22:59:11.587,8.27742,8.30267,1.12,1.00
2015.02.25 22:59:11.688,8.27721,8.30267,1.12,1.00
2015.02.25 22:59:11.789,8.27753,8.30267,1.75,1.00
2015.02.25 22:59:11.940,8.27813,8.30267,1.00,1.00
2015.02.25 22:59:12.041,8.27721,8.30267,1.12,1.00
2015.02.25 22:59:12.293,8.27755,8.30223,1.75,1.75
2015.02.25 22:59:12.697,8.27721,8.30267,1.12,1.00
2015.02.25 22:59:12.801,8.27721,8.30267,1.12,1.00
2015.02.25 22:59:13.105,8.27735,8.30267,1.75,1.00
2015.02.25 22:59:13.256,8.27815,8.30267,1.00,1.00
2015.02.25 22:59:13.683,8.27815,8.30267,1.75,1.00
2015.02.25 22:59:13.809,8.27738,8.30267,2.25,1.75
2015.02.25 22:59:13.962,8.2772,8.30267,1.75,1.75
2015.02.25 22:59:14.012,8.27713,8.30267,1.37,1.75
2015.02.25 22:59:14.310,8.27848,8.30267,1.75,1.75
2015.02.25 22:59:14.364,8.27848,8.30267,1.00,1.75
2015.02.25 22:59:14.466,8.27758,8.3026,2.25,1.75
2015.02.25 22:59:14.567,8.27766,8.30267,1.75,1.00
2015.02.25 22:59:14.866,8.27721,8.30267,1.12,1.75
2015.02.25 22:59:15.167,8.27721,8.30225,1.12,1.00
2015.02.25 22:59:15.218,8.27763,8.3026,1.75,1.75
2015.02.25 22:59:15.375,8.27737,8.3026,1.12,1.75
2015.02.25 22:59:15.476,8.27842,8.30225,1.00,1.00
2015.02.25 22:59:15.527,8.27721,8.30267,1.12,1.75
2015.02.25 22:59:15.669,8.27721,8.30267,1.12,1.75
2015.02.25 22:59:15.981,8.27842,8.3026,1.00,1.75
2015.02.25 22:59:16.032,8.27752,8.30267,2.25,1.75
2015.02.25 22:59:16.484,8.27721,8.3026,1.12,1.75
2015.02.25 22:59:16.788,8.27991,8.30227,1.75,1.75
2015.02.25 22:59:22.098,8.27983,8.30225,1.75,1.75
2015.02.25 22:59:22.200,8.28021,8.30194,1.75,1.75
2015.02.25 22:59:23.851,8.28021,8.302,1.75,1.75
2015.02.25 22:59:24.849,8.27992,8.30139,1.75,1.00
2015.02.25 22:59:24.900,8.28023,8.30133,1.75,1.00
2015.02.25 22:59:25.238,8.28023,8.30133,1.75,1.75
2015.02.25 22:59:27.874,8.28008,8.30208,1.75,1.75
2015.02.25 22:59:28.263,8.28008,8.30257,1.75,2.25
2015.02.25 22:59:33.832,8.28014,8.3021,1.75,1.00
2015.02.25 22:59:33.933,8.28014,8.30257,1.75,1.00
2015.02.25 22:59:34.270,8.28026,8.30225,1.75,1.00
2015.02.25 22:59:34.937,8.28026,8.30225,1.75,1.75
2015.02.25 22:59:36.078,8.28026,8.30225,1.75,1.75
2015.02.25 22:59:37.882,8.28011,8.30128,1.75,1.75
2015.02.25 22:59:38.983,8.28048,8.30091,1.75,1.75
2015.02.25 22:59:39.985,8.28017,8.30101,1.75,1.75
2015.02.25 22:59:40.086,8.28029,8.30142,1.75,1.00
2015.02.25 22:59:40.137,8.28028,8.30191,1.75,2.25
2015.02.25 22:59:41.310,8.28028,8.30255,1.94,1.75
2015.02.25 22:59:41.806,8.28028,8.30255,1.94,1.75
2015.02.25 22:59:41.856,8.28028,8.30233,1.75,1.94
2015.02.25 22:59:41.907,8.28028,8.30233,1.75,1.94
2015.02.25 22:59:42.109,8.28028,8.30237,1.75,1.94
2015.02.25 22:59:42.411,8.2807,8.30237,1.75,1.75
2015.02.25 22:59:42.894,8.27985,8.3016,1.00,1.75
2015.02.25 22:59:42.997,8.2793,8.30207,2.25,1.75
2015.02.25 22:59:43.761,8.2793,8.30104,2.25,1.00
2015.02.25 22:59:44.699,8.28008,8.30104,1.75,1.75
2015.02.25 22:59:44.801,8.28012,8.30094,1.75,1.75
2015.02.25 22:59:45.018,8.28046,8.30089,1.75,1.75
2015.02.25 22:59:45.119,8.27967,8.30089,1.00,1.00
2015.02.25 22:59:45.220,8.27956,8.30168,1.00,1.00
2015.02.25 22:59:45.271,8.27855,8.30168,1.00,1.00
2015.02.25 22:59:45.371,8.27735,8.30207,1.75,1.00
2015.02.25 22:59:45.984,8.27736,8.30206,1.75,1.00
2015.02.25 22:59:46.222,8.27735,8.30207,1.94,1.00
2015.02.25 22:59:46.422,8.27735,8.30197,1.75,1.00
