2016.12.07 06:00:00.381,9.13495,9.13704,1.00,1.00
2016.12.07 06:00:00.690,9.13467,9.13676,1.00,1.00
2016.12.07 06:00:01.757,9.13466,9.13675,1.00,1.00
2016.12.07 06:00:02.693,9.13462,9.1367,1.00,1.00
2016.12.07 06:00:02.744,9.13468,9.13677,1.00,1.00
2016.12.07 06:00:03.040,9.13463,9.13672,1.00,1.00
2016.12.07 06:00:03.700,9.13468,9.13677,1.00,1.00
2016.12.07 06:00:04.010,9.13463,9.13672,1.00,1.00
2016.12.07 06:00:04.898,9.13464,9.13673,1.00,1.00
2016.12.07 06:00:05.202,9.13425,9.13634,1.00,1.00
2016.12.07 06:00:05.851,9.13415,9.13623,1.00,1.00
2016.12.07 06:00:06.888,9.13424,9.13633,1.00,1.00
2016.12.07 06:00:06.939,9.13431,9.13637,1.00,1.00
2016.12.07 06:00:06.991,9.13437,9.13646,1.00,1.00
2016.12.07 06:00:07.400,9.13447,9.13655,1.00,1.00
2016.12.07 06:00:07.991,9.13442,9.13651,1.00,1.00
2016.12.07 06:00:08.428,9.13438,9.13647,1.00,1.00
2016.12.07 06:00:09.442,9.13439,9.13656,1.00,1.00
2016.12.07 06:00:09.493,9.13451,9.1366,1.00,1.00
2016.12.07 06:00:10.131,9.13445,9.13654,1.00,1.00
2016.12.07 06:00:10.478,9.13414,9.13622,1.00,1.00
2016.12.07 06:00:11.443,9.1341,9.13617,1.00,1.00
2016.12.07 06:00:11.544,9.13414,9.13622,1.00,1.00
2016.12.07 06:00:11.625,9.13419,9.13628,1.00,1.00
2016.12.07 06:00:11.827,9.13426,9.13635,1.00,1.00
2016.12.07 06:00:13.627,9.13435,9.13644,1.00,1.00
2016.12.07 06:00:15.566,9.13454,9.13661,1.00,1.00
2016.12.07 06:00:16.528,9.13449,9.13658,1.00,1.00
2016.12.07 06:00:17.529,9.13452,9.13661,1.00,1.00
2016.12.07 06:00:18.580,9.1345,9.13659,1.00,1.00
2016.12.07 06:00:19.664,9.13461,9.1367,1.00,1.00
2016.12.07 06:00:20.181,9.1346,9.13669,1.00,1.00
2016.12.07 06:00:20.665,9.13455,9.13664,1.00,1.00
2016.12.07 06:00:22.268,9.13433,9.13642,1.00,1.00
2016.12.07 06:00:22.820,9.13447,9.13656,1.00,1.00
2016.12.07 06:00:23.514,9.13429,9.13637,1.00,1.00
2016.12.07 06:00:24.804,9.13426,9.13635,1.00,1.00
2016.12.07 06:00:26.544,9.13427,9.13636,1.00,1.00
2016.12.07 06:00:27.667,9.13432,9.13639,1.00,1.00
2016.12.07 06:00:28.665,9.13433,9.13641,1.00,1.00
2016.12.07 06:00:31.818,9.13431,9.1364,1.00,1.00
2016.12.07 06:00:32.904,9.13428,9.1364,1.00,1.00
2016.12.07 06:00:36.872,9.13456,9.13668,1.00,1.00
2016.12.07 06:00:39.310,9.13422,9.13632,1.00,1.00
2016.12.07 06:00:40.311,9.13419,9.13632,1.00,1.00
2016.12.07 06:00:54.905,9.13423,9.13635,1.00,1.00
2016.12.07 06:00:56.631,9.1346,9.13672,1.00,1.00
2016.12.07 06:00:57.595,9.13459,9.13672,1.00,1.00
2016.12.07 06:00:58.201,9.1345,9.13662,1.00,1.00
2016.12.07 06:00:58.647,9.13446,9.13656,1.00,1.00
2016.12.07 06:01:00.235,9.13451,9.13663,1.00,1.00
2016.12.07 06:01:00.285,9.13476,9.13687,1.00,1.00
2016.12.07 06:01:00.336,9.13464,9.13677,1.00,1.00
2016.12.07 06:01:00.437,9.13478,9.1369,1.00,1.00
2016.12.07 06:01:00.757,9.13447,9.13659,1.00,1.00
2016.12.07 06:01:01.255,9.13454,9.13666,1.00,1.00
2016.12.07 06:01:03.010,9.13456,9.13668,1.00,1.00
2016.12.07 06:01:03.313,9.13462,9.13674,1.00,1.00
2016.12.07 06:01:04.150,9.13461,9.13672,1.00,1.00
2016.12.07 06:01:08.748,9.13452,9.13664,1.00,1.00
2016.12.07 06:01:11.671,9.13449,9.13661,1.00,1.00
2016.12.07 06:01:12.036,9.1344,9.13652,1.00,1.00
2016.12.07 06:01:13.032,9.1344,9.13653,1.00,1.00
2016.12.07 06:01:13.365,9.13447,9.13659,1.00,1.00
2016.12.07 06:01:14.021,9.13458,9.1367,1.00,1.00
2016.12.07 06:01:14.328,9.1344,9.13652,1.00,1.00
2016.12.07 06:01:17.003,9.13436,9.13648,1.00,1.00
2016.12.07 06:01:17.122,9.13428,9.13641,1.00,1.00
2016.12.07 06:01:20.914,9.13434,9.13646,1.00,1.00
2016.12.07 06:01:21.832,9.13422,9.13632,1.00,1.00
2016.12.07 06:01:26.664,9.13424,9.13636,1.00,1.00
2016.12.07 06:01:30.749,9.13429,9.13642,1.00,1.00
2016.12.07 06:01:31.937,9.13427,9.13639,1.00,1.00
2016.12.07 06:01:33.678,9.13425,9.13637,1.00,1.00
2016.12.07 06:01:35.716,9.13419,9.13632,1.00,1.00
2016.12.07 06:01:35.837,9.13424,9.13636,1.00,1.00
2016.12.07 06:01:38.046,9.13419,9.13632,1.00,1.00
2016.12.07 06:01:38.357,9.13426,9.13638,1.00,1.00
2016.12.07 06:01:38.408,9.13419,9.13632,1.00,1.00
2016.12.07 06:01:40.139,9.13425,9.13637,1.00,1.00
2016.12.07 06:01:40.788,9.13419,9.13632,1.00,1.00
2016.12.07 06:01:40.876,9.13426,9.13638,1.00,1.00
2016.12.07 06:01:41.141,9.13419,9.13632,1.00,1.00
2016.12.07 06:01:48.574,9.13415,9.13627,1.00,1.00
2016.12.07 06:01:50.532,9.1342,9.13632,1.00,1.00
2016.12.07 06:01:54.983,9.13421,9.13633,1.00,1.00
2016.12.07 06:01:55.975,9.13415,9.13627,1.00,1.00
2016.12.07 06:01:56.720,9.13419,9.13631,1.00,1.00
2016.12.07 06:01:58.355,9.13417,9.13629,1.00,1.00
2016.12.07 06:02:01.996,9.13418,9.1363,1.00,1.00
2016.12.07 06:02:03.738,9.13419,9.13631,1.00,1.00
2016.12.07 06:02:05.182,9.13415,9.13627,1.00,1.00
2016.12.07 06:02:05.564,9.13419,9.13631,1.00,1.00
2016.12.07 06:02:08.613,9.13425,9.13637,1.00,1.00
2016.12.07 06:02:10.148,9.1343,9.13642,1.00,1.00
2016.12.07 06:02:10.563,9.13425,9.13637,1.00,1.00
2016.12.07 06:02:17.026,9.13427,9.13639,1.00,1.00
2016.12.07 06:02:25.043,9.1343,9.13643,1.00,1.00
2016.12.07 06:02:25.298,9.13456,9.13668,1.00,1.00
2016.12.07 06:02:25.604,9.13466,9.13678,1.00,1.00
2016.12.07 06:02:26.326,9.13469,9.13681,1.00,1.00
2016.12.07 06:02:26.672,9.13481,9.13692,1.00,1.00
2016.12.07 06:02:28.584,9.13495,9.13708,1.00,1.00
2016.12.07 06:02:30.169,9.13503,9.13713,1.00,1.00
2016.12.07 06:02:32.057,9.13495,9.13707,1.00,1.00
2016.12.07 06:02:36.616,9.135,9.1371,1.00,1.00
2016.12.07 06:02:36.734,9.13495,9.13707,1.00,1.00
2016.12.07 06:02:37.291,9.13503,9.13716,1.00,1.00
2016.12.07 06:02:37.342,9.13512,9.13724,1.00,1.00
2016.12.07 06:02:38.068,9.13503,9.13716,1.00,1.00
2016.12.07 06:02:40.072,9.13505,9.13716,1.00,1.00
2016.12.07 06:02:41.813,9.13503,9.13715,1.00,1.00
2016.12.07 06:02:44.177,9.1349,9.13704,1.00,1.00
2016.12.07 06:02:44.227,9.13483,9.13695,1.00,1.00
2016.12.07 06:02:46.733,9.13496,9.13708,1.00,1.00
2016.12.07 06:02:47.228,9.13483,9.13695,1.00,1.00
2016.12.07 06:03:02.516,9.13493,9.13705,1.00,1.00
2016.12.07 06:03:02.903,9.13485,9.13695,1.00,1.00
2016.12.07 06:03:03.215,9.13494,9.13706,1.00,1.00
2016.12.07 06:03:05.431,9.13485,9.13697,1.00,1.00
2016.12.07 06:03:11.025,9.13492,9.13704,1.00,1.00
2016.12.07 06:03:11.528,9.1348,9.13692,1.00,1.00
2016.12.07 06:03:11.690,9.13473,9.13686,1.00,1.00
2016.12.07 06:03:11.741,9.13462,9.13674,1.00,1.00
2016.12.07 06:03:12.077,9.1347,9.13682,1.00,1.00
2016.12.07 06:03:12.644,9.13476,9.13688,1.00,1.00
2016.12.07 06:03:13.178,9.1347,9.13682,1.00,1.00
2016.12.07 06:03:14.130,9.13462,9.13674,1.00,1.00
2016.12.07 06:03:17.191,9.13463,9.13675,1.00,1.00
2016.12.07 06:03:25.271,9.13462,9.13674,1.00,1.00
2016.12.07 06:03:26.903,9.13461,9.13673,1.00,1.00
2016.12.07 06:03:30.736,9.13466,9.13678,1.00,1.00
2016.12.07 06:03:32.176,9.13467,9.13679,1.00,1.00
2016.12.07 06:03:35.217,9.13463,9.13675,1.00,1.00
2016.12.07 06:03:35.543,9.13455,9.13665,1.00,1.00
2016.12.07 06:03:38.685,9.13458,9.13671,1.00,1.00
2016.12.07 06:03:38.908,9.13454,9.13666,1.00,1.00
2016.12.07 06:03:40.192,9.13457,9.13669,1.00,1.00
2016.12.07 06:03:41.194,9.13458,9.13671,1.00,1.00
2016.12.07 06:03:42.195,9.13457,9.13669,1.00,1.00
2016.12.07 06:03:43.025,9.13436,9.13648,1.00,1.00
2016.12.07 06:03:43.402,9.13417,9.13629,1.00,1.00
2016.12.07 06:03:43.793,9.1342,9.13632,1.00,1.00
2016.12.07 06:04:01.964,9.13424,9.13636,1.00,1.00
2016.12.07 06:04:02.414,9.1342,9.13632,1.00,1.00
2016.12.07 06:04:02.975,9.13423,9.13635,1.00,1.00
2016.12.07 06:04:04.583,9.13424,9.13636,1.00,1.00
2016.12.07 06:04:08.636,9.1342,9.13632,1.00,1.00
2016.12.07 06:04:09.016,9.13424,9.13636,1.00,1.00
2016.12.07 06:04:09.674,9.13421,9.13631,1.00,1.00
2016.12.07 06:04:10.388,9.13424,9.13636,1.00,1.00
2016.12.07 06:04:10.689,9.13427,9.1364,1.00,1.00
2016.12.07 06:04:10.944,9.13415,9.13627,1.00,1.00
2016.12.07 06:04:10.994,9.134,9.13613,1.00,1.00
2016.12.07 06:04:11.855,9.1341,9.13622,1.00,1.00
2016.12.07 06:04:11.906,9.13421,9.13634,1.00,1.00
2016.12.07 06:04:12.007,9.13416,9.13628,1.00,1.00
2016.12.07 06:04:12.759,9.13421,9.13634,1.00,1.00
2016.12.07 06:04:21.300,9.13425,9.13634,1.00,1.00
2016.12.07 06:04:30.653,9.13419,9.13628,1.00,1.00
2016.12.07 06:04:31.255,9.13407,9.13616,1.00,1.00
2016.12.07 06:04:32.296,9.13403,9.1361,1.00,1.00
2016.12.07 06:04:32.717,9.13399,9.13606,1.00,1.00
2016.12.07 06:04:36.843,9.13387,9.13596,1.00,1.00
2016.12.07 06:04:37.891,9.13379,9.13588,1.00,1.00
2016.12.07 06:04:38.255,9.13384,9.13592,1.00,1.00
2016.12.07 06:04:40.620,9.13386,9.13593,1.00,1.00
2016.12.07 06:04:47.326,9.13387,9.13596,1.00,1.00
2016.12.07 06:04:48.691,9.13392,9.136,1.00,1.00
2016.12.07 06:04:55.343,9.13391,9.13599,1.00,1.00
2016.12.07 06:05:02.003,9.13398,9.13607,1.00,1.00
2016.12.07 06:05:02.228,9.13393,9.13602,1.00,1.00
2016.12.07 06:05:03.227,9.13392,9.136,1.00,1.00
2016.12.07 06:05:10.372,9.13391,9.13599,1.00,1.00
2016.12.07 06:05:16.862,9.13397,9.13606,1.00,1.00
2016.12.07 06:05:17.290,9.13393,9.13601,1.00,1.00
2016.12.07 06:05:32.076,9.13395,9.13604,1.00,1.00
2016.12.07 06:05:32.768,9.13396,9.13605,1.00,1.00
2016.12.07 06:05:34.194,9.13397,9.13606,1.00,1.00
2016.12.07 06:05:40.433,9.13398,9.13607,1.00,1.00
2016.12.07 06:05:42.174,9.13397,9.13606,1.00,1.00
2016.12.07 06:05:47.446,9.13398,9.13607,1.00,1.00
2016.12.07 06:05:52.433,9.13395,9.13604,1.00,1.00
2016.12.07 06:05:55.463,9.13396,9.13605,1.00,1.00
2016.12.07 06:05:55.842,9.13393,9.13602,1.00,1.00
2016.12.07 06:05:56.168,9.13401,9.13609,1.00,1.00
2016.12.07 06:05:56.791,9.13396,9.13605,1.00,1.00
2016.12.07 06:05:57.793,9.13399,9.13606,1.00,1.00
2016.12.07 06:05:57.880,9.13402,9.13611,1.00,1.00
2016.12.07 06:06:12.234,9.13401,9.1361,1.00,1.00
2016.12.07 06:06:21.210,9.13406,9.13615,1.00,1.00
2016.12.07 06:06:21.533,9.13398,9.13607,1.00,1.00
2016.12.07 06:06:22.218,9.13397,9.13605,1.00,1.00
2016.12.07 06:06:25.523,9.13401,9.1361,1.00,1.00
2016.12.07 06:06:26.169,9.13405,9.13614,1.00,1.00
2016.12.07 06:06:27.075,9.13401,9.1361,1.00,1.00
2016.12.07 06:06:37.797,9.13406,9.13613,1.00,1.00
2016.12.07 06:06:37.958,9.13393,9.13602,1.00,1.00
2016.12.07 06:06:40.600,9.13392,9.13601,1.00,1.00
2016.12.07 06:06:41.259,9.13386,9.13595,1.00,1.00
2016.12.07 06:06:41.593,9.13391,9.136,1.00,1.00
2016.12.07 06:06:50.410,9.13398,9.13607,1.00,1.00
2016.12.07 06:06:50.713,9.13395,9.13604,1.00,1.00
2016.12.07 06:06:54.093,9.13388,9.13597,1.00,1.00
2016.12.07 06:06:54.502,9.13399,9.13608,1.00,1.00
2016.12.07 06:06:55.582,9.13398,9.13607,1.00,1.00
2016.12.07 06:06:56.593,9.13384,9.13593,1.00,1.00
2016.12.07 06:06:56.925,9.13418,9.13626,1.00,1.00
2016.12.07 06:06:57.674,9.13405,9.13614,1.00,1.00
2016.12.07 06:07:02.596,9.13409,9.13616,1.00,1.00
2016.12.07 06:07:08.087,9.13398,9.13607,1.00,1.00
2016.12.07 06:07:08.281,9.13408,9.13617,1.00,1.00
2016.12.07 06:07:12.353,9.13407,9.13615,1.00,1.00
2016.12.07 06:07:13.133,9.13412,9.13621,1.00,1.00
2016.12.07 06:07:16.760,9.13408,9.13614,1.00,1.00
2016.12.07 06:07:19.250,9.13404,9.13614,1.00,1.00
2016.12.07 06:07:19.910,9.13433,9.13654,1.00,1.00
2016.12.07 06:07:20.011,9.13446,9.13687,1.00,1.00
2016.12.07 06:07:20.061,9.13473,9.13693,1.00,1.00
2016.12.07 06:07:20.364,9.13514,9.13726,1.00,1.00
2016.12.07 06:07:20.667,9.13528,9.13727,1.00,1.00
2016.12.07 06:07:20.828,9.13528,9.13737,1.00,1.00
2016.12.07 06:07:21.129,9.13528,9.13727,1.00,1.00
2016.12.07 06:07:21.365,9.13528,9.1374,1.00,1.00
2016.12.07 06:07:21.416,9.13535,9.13747,1.00,1.50
2016.12.07 06:07:22.071,9.13535,9.13737,1.00,1.00
2016.12.07 06:07:22.122,9.13522,9.13734,1.00,1.00
2016.12.07 06:07:22.580,9.13534,9.13746,1.00,1.00
2016.12.07 06:07:27.113,9.13535,9.13747,1.00,1.00
2016.12.07 06:07:27.487,9.13563,9.13775,1.00,1.00
2016.12.07 06:07:28.155,9.1357,9.13777,1.00,1.50
2016.12.07 06:07:30.347,9.1357,9.1378,1.00,1.00
2016.12.07 06:07:31.208,9.13493,9.13776,2.25,1.00
2016.12.07 06:07:31.949,9.13493,9.13764,2.25,1.00
2016.12.07 06:07:32.253,9.13493,9.13752,2.25,1.00
2016.12.07 06:07:32.938,9.13493,9.13758,2.25,1.00
2016.12.07 06:07:35.249,9.13493,9.13751,2.25,1.00
2016.12.07 06:07:35.858,9.13493,9.13736,2.25,1.00
2016.12.07 06:07:37.506,9.13493,9.13743,2.25,1.00
2016.12.07 06:07:38.347,9.13513,9.13743,1.00,1.00
2016.12.07 06:07:38.649,9.13551,9.13764,1.00,1.00
2016.12.07 06:07:38.824,9.13531,9.13759,1.00,1.00
2016.12.07 06:07:38.875,9.1356,9.13772,1.00,1.00
2016.12.07 06:07:39.488,9.13555,9.13767,1.00,1.00
2016.12.07 06:07:40.672,9.13557,9.13769,1.00,1.00
2016.12.07 06:07:41.225,9.13531,9.1377,1.00,1.00
2016.12.07 06:07:47.686,9.13531,9.13769,1.00,1.00
2016.12.07 06:07:50.433,9.13532,9.13769,1.00,1.00
2016.12.07 06:07:55.747,9.13532,9.13765,1.00,1.00
2016.12.07 06:07:57.491,9.13532,9.1377,1.00,1.00
2016.12.07 06:08:00.428,9.13531,9.1377,1.00,1.00
2016.12.07 06:08:01.225,9.13531,9.13766,1.00,1.00
2016.12.07 06:08:02.715,9.13531,9.13765,1.00,1.00
2016.12.07 06:08:03.366,9.13531,9.1377,1.00,1.00
2016.12.07 06:08:03.438,9.13531,9.13776,1.00,1.00
2016.12.07 06:08:03.717,9.13531,9.13771,1.00,1.00
2016.12.07 06:08:10.732,9.13531,9.13772,1.00,1.00
2016.12.07 06:08:11.512,9.13531,9.13766,1.00,1.00
2016.12.07 06:08:12.489,9.13531,9.13765,1.00,1.00
2016.12.07 06:08:12.920,9.13556,9.13765,1.00,1.00
2016.12.07 06:08:13.492,9.13552,9.13761,1.00,1.00
2016.12.07 06:08:13.594,9.13531,9.13767,1.50,1.00
2016.12.07 06:08:13.695,9.13558,9.13767,1.00,1.00
2016.12.07 06:08:14.576,9.13562,9.13771,1.00,1.00
2016.12.07 06:08:17.093,9.13559,9.13766,1.00,1.00
2016.12.07 06:08:18.095,9.13557,9.13766,1.00,1.00
2016.12.07 06:08:19.408,9.13558,9.13767,1.00,1.00
2016.12.07 06:08:24.691,9.13554,9.13763,1.00,1.00
2016.12.07 06:08:25.177,9.13558,9.13767,1.00,1.00
2016.12.07 06:08:25.595,9.13553,9.13762,1.00,1.00
2016.12.07 06:08:25.925,9.1356,9.13769,1.00,1.00
2016.12.07 06:08:27.503,9.13558,9.13767,1.00,1.00
2016.12.07 06:08:28.913,9.13553,9.13762,1.00,1.00
2016.12.07 06:08:29.280,9.1356,9.13769,1.00,1.00
2016.12.07 06:08:34.517,9.13559,9.13768,1.00,1.00
2016.12.07 06:08:40.792,9.13562,9.13771,1.00,1.00
2016.12.07 06:08:45.079,9.13548,9.13757,1.00,1.00
2016.12.07 06:08:45.180,9.13543,9.13755,1.00,1.00
2016.12.07 06:08:45.231,9.13534,9.13746,1.00,1.00
2016.12.07 06:08:45.817,9.1354,9.13746,1.00,1.00
2016.12.07 06:08:47.850,9.13542,9.13754,1.00,1.00
2016.12.07 06:08:52.365,9.13549,9.13762,1.00,1.00
2016.12.07 06:08:52.581,9.13543,9.13755,1.00,1.00
2016.12.07 06:08:53.139,9.13555,9.13765,1.00,1.00
2016.12.07 06:08:53.679,9.1355,9.13763,1.00,1.00
2016.12.07 06:08:55.833,9.13551,9.13764,1.00,1.00
2016.12.07 06:08:57.563,9.13553,9.13765,1.00,1.00
2016.12.07 06:09:02.836,9.13549,9.13761,1.00,1.00
2016.12.07 06:09:03.603,9.13553,9.13766,1.00,1.00
2016.12.07 06:09:04.210,9.1355,9.1376,1.00,1.00
2016.12.07 06:09:05.213,9.13548,9.1376,1.00,1.00
2016.12.07 06:09:17.866,9.1355,9.13761,1.00,1.00
2016.12.07 06:09:19.607,9.13547,9.13759,1.00,1.00
2016.12.07 06:09:20.318,9.13551,9.13763,1.00,1.00
2016.12.07 06:09:21.101,9.13547,9.13757,1.00,1.00
2016.12.07 06:09:27.632,9.13547,9.13759,1.00,1.00
2016.12.07 06:09:30.279,9.13554,9.13765,1.00,1.00
2016.12.07 06:09:30.599,9.1354,9.13752,1.00,1.00
2016.12.07 06:09:31.208,9.13536,9.13748,1.00,1.00
2016.12.07 06:09:31.683,9.13543,9.13755,1.00,1.00
2016.12.07 06:09:32.210,9.13539,9.13751,1.00,1.00
2016.12.07 06:09:32.928,9.13545,9.13757,1.00,1.00
2016.12.07 06:09:37.738,9.13549,9.13761,1.00,1.00
2016.12.07 06:09:37.789,9.13538,9.13751,1.00,1.00
2016.12.07 06:09:39.325,9.13535,9.13751,1.00,1.00
2016.12.07 06:09:39.376,9.13532,9.13716,1.00,1.00
2016.12.07 06:09:39.679,9.13523,9.13703,1.00,1.00
2016.12.07 06:09:40.195,9.13524,9.13703,1.00,1.00
2016.12.07 06:09:40.246,9.13524,9.1371,1.00,1.37
2016.12.07 06:09:40.830,9.13524,9.13707,1.00,1.00
2016.12.07 06:09:42.093,9.1353,9.13707,1.00,1.00
2016.12.07 06:09:42.395,9.13532,9.13717,1.00,1.00
2016.12.07 06:09:42.947,9.13531,9.13717,1.00,1.00
2016.12.07 06:09:43.109,9.13531,9.13706,1.00,1.00
2016.12.07 06:09:43.764,9.13531,9.13707,1.00,1.00
2016.12.07 06:09:44.300,9.13531,9.13717,1.00,1.00
2016.12.07 06:09:45.101,9.13531,9.13707,1.00,1.00
2016.12.07 06:09:45.607,9.13532,9.13707,1.00,1.00
2016.12.07 06:09:47.395,9.13531,9.13707,1.00,1.00
2016.12.07 06:09:53.993,9.13531,9.13727,1.00,1.60
2016.12.07 06:09:54.195,9.13531,9.13717,1.00,1.00
2016.12.07 06:09:57.078,9.13531,9.13707,1.00,1.00
2016.12.07 06:09:59.817,9.13532,9.13707,1.00,1.00
2016.12.07 06:10:03.614,9.13532,9.13717,1.00,1.00
2016.12.07 06:10:04.191,9.13532,9.13707,1.00,1.00
2016.12.07 06:10:04.788,9.13532,9.13697,1.00,1.00
2016.12.07 06:10:06.011,9.13532,9.13707,1.00,1.00
2016.12.07 06:10:06.110,9.13539,9.13707,1.00,1.00
2016.12.07 06:10:06.587,9.13532,9.13707,1.00,1.00
2016.12.07 06:10:07.438,9.13538,9.13707,1.00,1.00
2016.12.07 06:10:07.539,9.13546,9.13727,1.00,1.60
2016.12.07 06:10:09.536,9.13546,9.13727,1.00,1.60
2016.12.07 06:10:09.861,9.13536,9.13746,1.00,1.60
2016.12.07 06:10:10.972,9.13532,9.13745,1.00,1.60
2016.12.07 06:10:14.416,9.13531,9.13731,1.00,1.60
2016.12.07 06:10:14.517,9.13519,9.13731,1.00,1.60
2016.12.07 06:10:14.618,9.1351,9.13707,1.00,1.00
2016.12.07 06:10:14.769,9.13499,9.13707,1.00,1.00
2016.12.07 06:10:15.078,9.13479,9.13691,1.00,1.00
2016.12.07 06:10:15.331,9.1346,9.13672,1.00,1.00
2016.12.07 06:10:15.747,9.13443,9.13655,1.00,1.00
2016.12.07 06:10:16.079,9.13439,9.13649,1.00,1.00
2016.12.07 06:10:16.443,9.13417,9.13629,1.00,1.00
2016.12.07 06:10:16.936,9.13408,9.13621,1.00,1.00
2016.12.07 06:10:16.987,9.13409,9.1363,1.00,1.00
2016.12.07 06:10:17.086,9.1342,9.13632,1.00,1.00
2016.12.07 06:10:17.439,9.13406,9.13618,1.00,1.00
2016.12.07 06:10:18.238,9.13403,9.13615,1.00,1.00
2016.12.07 06:10:18.585,9.13415,9.13627,1.00,1.00
2016.12.07 06:10:19.110,9.13402,9.13615,1.00,1.00
2016.12.07 06:10:19.290,9.13415,9.13625,1.00,1.00
2016.12.07 06:10:19.479,9.13402,9.13615,1.00,1.00
2016.12.07 06:10:19.581,9.13415,9.13627,1.00,1.00
2016.12.07 06:10:19.893,9.13416,9.13629,1.00,1.00
2016.12.07 06:10:20.105,9.13402,9.13615,1.00,1.00
2016.12.07 06:10:20.438,9.13415,9.13627,1.00,1.00
2016.12.07 06:10:20.799,9.13405,9.13615,1.00,1.00
2016.12.07 06:10:20.850,9.13388,9.13601,1.00,1.00
2016.12.07 06:10:21.599,9.13372,9.13584,1.00,1.00
2016.12.07 06:10:21.851,9.13374,9.13587,1.00,1.00
2016.12.07 06:10:33.016,9.13375,9.13587,1.00,1.00
2016.12.07 06:10:35.650,9.13381,9.13593,1.00,1.00
2016.12.07 06:10:35.953,9.13386,9.13596,1.00,1.00
2016.12.07 06:10:36.105,9.1337,9.13582,1.00,1.00
2016.12.07 06:10:37.104,9.13369,9.13581,1.00,1.00
2016.12.07 06:10:40.824,9.13368,9.13578,1.00,1.00
2016.12.07 06:10:41.558,9.13367,9.13579,1.00,1.00
2016.12.07 06:10:42.474,9.13369,9.13612,1.00,1.00
2016.12.07 06:10:43.337,9.13374,9.13618,1.00,1.00
2016.12.07 06:10:47.393,9.1337,9.13611,1.00,1.00
2016.12.07 06:10:53.107,9.13375,9.13618,1.00,1.00
2016.12.07 06:10:56.609,9.13368,9.13613,1.00,1.00
2016.12.07 06:10:56.667,9.13374,9.13617,1.00,1.00
2016.12.07 06:10:56.768,9.13369,9.13613,1.00,1.00
2016.12.07 06:10:57.803,9.1337,9.13613,1.00,1.00
2016.12.07 06:11:03.075,9.13366,9.13611,1.00,1.00
2016.12.07 06:11:03.797,9.13371,9.13616,1.00,1.00
2016.12.07 06:11:04.134,9.1337,9.13613,1.00,1.00
2016.12.07 06:11:04.769,9.13364,9.13609,1.00,1.00
2016.12.07 06:11:05.772,9.13363,9.13609,1.00,1.00
2016.12.07 06:11:07.529,9.13368,9.13614,1.00,1.00
2016.12.07 06:11:08.116,9.13364,9.13608,1.00,1.00
2016.12.07 06:11:08.168,9.13369,9.13615,1.00,1.00
2016.12.07 06:11:15.939,9.13373,9.13583,1.00,1.00
2016.12.07 06:11:17.032,9.13353,9.13581,1.00,1.00
2016.12.07 06:11:17.089,9.13364,9.13578,1.00,1.00
2016.12.07 06:11:17.141,9.13326,9.13545,1.00,1.00
2016.12.07 06:11:17.293,9.13327,9.13539,1.00,1.00
2016.12.07 06:11:17.640,9.13352,9.13562,1.00,1.00
2016.12.07 06:11:17.858,9.13328,9.1354,1.00,1.00
2016.12.07 06:11:18.035,9.13358,9.1357,1.00,1.00
2016.12.07 06:11:19.230,9.13374,9.13586,1.00,1.00
2016.12.07 06:11:19.282,9.13382,9.13595,1.00,1.00
2016.12.07 06:11:19.847,9.1337,9.13582,1.00,1.00
2016.12.07 06:11:21.967,9.13365,9.13578,1.00,1.00
2016.12.07 06:11:22.018,9.13303,9.13578,1.00,1.00
2016.12.07 06:11:22.089,9.13306,9.13553,1.00,1.00
2016.12.07 06:11:22.517,9.13292,9.1352,1.00,1.00
2016.12.07 06:11:23.080,9.13285,9.13513,1.00,1.00
2016.12.07 06:11:24.878,9.13293,9.13505,1.00,1.00
2016.12.07 06:11:25.972,9.13298,9.1351,1.00,1.00
2016.12.07 06:11:28.032,9.13301,9.13516,1.00,1.00
2016.12.07 06:11:28.083,9.13297,9.13507,1.00,1.00
2016.12.07 06:11:28.134,9.13282,9.13494,1.00,1.00
2016.12.07 06:11:28.336,9.13271,9.13483,1.00,1.00
2016.12.07 06:11:28.700,9.13273,9.13483,1.00,1.00
2016.12.07 06:11:29.130,9.13261,9.13473,1.00,1.00
2016.12.07 06:11:29.323,9.13271,9.13483,1.00,1.00
2016.12.07 06:11:29.854,9.13261,9.13473,1.00,1.00
2016.12.07 06:11:30.215,9.13271,9.13483,1.00,1.00
2016.12.07 06:11:30.681,9.13259,9.13471,1.00,1.00
2016.12.07 06:11:30.732,9.13268,9.13481,1.00,1.00
2016.12.07 06:11:30.944,9.1325,9.13478,1.00,1.00
2016.12.07 06:11:31.145,9.13261,9.13488,1.00,1.00
2016.12.07 06:11:31.274,9.1325,9.13478,1.00,1.00
2016.12.07 06:11:31.393,9.13261,9.13488,1.00,1.00
2016.12.07 06:11:31.612,9.1325,9.13478,1.00,1.00
2016.12.07 06:11:31.721,9.13262,9.13487,1.00,1.00
2016.12.07 06:11:31.946,9.1325,9.13478,1.00,1.00
2016.12.07 06:11:32.049,9.13262,9.13487,1.00,1.00
2016.12.07 06:11:32.275,9.1325,9.13478,1.00,1.00
2016.12.07 06:11:32.381,9.13263,9.13488,1.00,1.00
2016.12.07 06:11:32.616,9.1325,9.13478,1.00,1.00
2016.12.07 06:11:32.949,9.13259,9.13486,1.00,1.00
2016.12.07 06:11:33.050,9.1325,9.13478,1.00,1.00
2016.12.07 06:11:33.912,9.13242,9.13469,1.00,1.00
2016.12.07 06:11:34.065,9.13222,9.1345,1.00,1.00
2016.12.07 06:11:34.419,9.13215,9.13442,1.00,1.00
2016.12.07 06:11:35.270,9.13223,9.13435,1.00,1.00
2016.12.07 06:11:38.324,9.13227,9.13439,1.00,1.00
2016.12.07 06:11:38.585,9.13219,9.13432,1.00,1.00
2016.12.07 06:11:38.686,9.13225,9.13437,1.00,1.00
2016.12.07 06:11:39.685,9.13223,9.13435,1.00,1.00
2016.12.07 06:11:41.152,9.13224,9.13436,1.00,1.00
2016.12.07 06:11:42.393,9.13229,9.13441,1.00,1.00
2016.12.07 06:11:42.701,9.13216,9.13428,1.00,1.00
2016.12.07 06:11:43.539,9.13213,9.13425,1.00,1.00
2016.12.07 06:11:45.136,9.13218,9.13431,1.00,1.00
2016.12.07 06:11:45.187,9.13211,9.13423,1.00,1.00
2016.12.07 06:11:45.889,9.13209,9.13421,1.00,1.00
2016.12.07 06:11:46.311,9.13215,9.13427,1.00,1.00
2016.12.07 06:11:46.911,9.13205,9.13417,1.00,1.00
2016.12.07 06:11:48.992,9.13195,9.13407,1.00,1.00
2016.12.07 06:11:49.416,9.13174,9.13384,1.00,1.00
2016.12.07 06:11:49.601,9.13196,9.13408,1.00,1.00
2016.12.07 06:11:49.787,9.13196,9.1344,1.00,1.00
2016.12.07 06:11:49.838,9.13198,9.1341,1.00,1.00
2016.12.07 06:11:50.124,9.13203,9.13425,1.00,1.00
2016.12.07 06:11:50.276,9.13205,9.13442,1.00,1.00
2016.12.07 06:11:50.575,9.13203,9.13439,1.00,1.00
2016.12.07 06:11:50.886,9.13203,9.13419,1.00,1.00
2016.12.07 06:11:51.261,9.13203,9.13439,1.00,1.00
2016.12.07 06:11:51.324,9.13203,9.13419,1.00,1.00
2016.12.07 06:11:51.375,9.13203,9.13451,1.00,1.00
2016.12.07 06:11:52.961,9.13207,9.13456,1.00,1.00
2016.12.07 06:11:53.023,9.13207,9.13437,1.00,1.00
2016.12.07 06:11:53.073,9.13207,9.13455,1.00,1.00
2016.12.07 06:11:53.124,9.13234,9.13482,1.00,1.00
2016.12.07 06:11:53.326,9.13241,9.13496,1.00,1.00
2016.12.07 06:11:54.344,9.13241,9.13498,1.00,1.00
2016.12.07 06:11:57.440,9.13235,9.13491,1.00,1.00
2016.12.07 06:12:01.323,9.13236,9.13474,1.00,1.00
2016.12.07 06:12:01.766,9.13243,9.1348,1.00,1.00
2016.12.07 06:12:02.953,9.13232,9.13469,1.00,1.00
2016.12.07 06:12:03.206,9.13242,9.13494,1.00,1.00
2016.12.07 06:12:03.951,9.13256,9.13507,1.00,1.00
2016.12.07 06:12:04.001,9.13256,9.13509,1.00,1.00
2016.12.07 06:12:04.346,9.1325,9.13504,1.00,1.00
2016.12.07 06:12:04.447,9.1328,9.13534,1.00,1.60
2016.12.07 06:12:05.297,9.13271,9.13524,1.00,1.00
2016.12.07 06:12:05.460,9.13283,9.13537,1.00,1.60
2016.12.07 06:12:05.715,9.13271,9.13524,1.00,1.00
2016.12.07 06:12:05.866,9.13283,9.13537,1.00,1.60
2016.12.07 06:12:06.298,9.13276,9.13529,1.00,1.00
2016.12.07 06:12:07.810,9.13283,9.13537,1.00,1.60
2016.12.07 06:12:08.008,9.13276,9.13529,1.00,1.00
2016.12.07 06:12:09.910,9.13262,9.13516,1.00,1.00
2016.12.07 06:12:09.961,9.1324,9.13504,1.00,1.00
2016.12.07 06:12:10.012,9.1324,9.13493,1.00,1.00
2016.12.07 06:12:10.922,9.13233,9.13487,1.00,1.00
2016.12.07 06:12:12.911,9.13239,9.13492,1.00,1.00
2016.12.07 06:12:13.214,9.132,9.13412,1.00,1.00
2016.12.07 06:12:13.742,9.13216,9.13426,1.00,1.00
2016.12.07 06:12:14.165,9.13225,9.13438,1.00,1.00
2016.12.07 06:12:14.216,9.13214,9.13426,1.00,1.00
2016.12.07 06:12:21.152,9.13225,9.13437,1.00,1.00
2016.12.07 06:12:21.460,9.13216,9.13428,1.00,1.00
2016.12.07 06:12:21.905,9.13188,9.13425,1.00,1.00
2016.12.07 06:12:21.956,9.13184,9.13398,1.00,1.00
2016.12.07 06:12:22.108,9.13158,9.13407,1.00,1.00
2016.12.07 06:12:22.586,9.13159,9.13397,1.00,1.00
2016.12.07 06:12:22.910,9.13185,9.13397,1.00,1.00
2016.12.07 06:12:23.233,9.13201,9.13413,1.00,1.00
2016.12.07 06:12:23.665,9.13197,9.13407,1.00,1.00
2016.12.07 06:12:26.242,9.13195,9.13407,1.00,1.00
2016.12.07 06:12:27.263,9.13191,9.13404,1.00,1.00
2016.12.07 06:12:28.247,9.1319,9.13402,1.00,1.00
2016.12.07 06:12:30.147,9.13197,9.13409,1.00,1.00
2016.12.07 06:12:32.315,9.13192,9.13404,1.00,1.00
2016.12.07 06:12:32.423,9.13167,9.13384,1.00,1.00
2016.12.07 06:12:32.698,9.13156,9.13368,1.00,1.00
2016.12.07 06:12:32.954,9.13134,9.13372,1.00,1.00
2016.12.07 06:12:33.005,9.1316,9.13372,1.00,1.00
2016.12.07 06:12:33.840,9.13129,9.13368,1.37,1.00
2016.12.07 06:12:34.886,9.13133,9.13372,1.37,1.00
2016.12.07 06:12:35.082,9.13161,9.13373,1.00,1.00
2016.12.07 06:12:40.572,9.13124,9.13367,1.37,1.00
2016.12.07 06:12:40.623,9.13124,9.13357,1.37,1.00
2016.12.07 06:12:40.926,9.13165,9.13377,1.00,1.00
2016.12.07 06:12:41.732,9.13156,9.13368,1.00,1.00
2016.12.07 06:12:42.517,9.13134,9.13346,1.00,1.00
2016.12.07 06:12:42.881,9.13161,9.13373,1.00,1.00
2016.12.07 06:12:43.218,9.13107,9.13338,1.00,1.00
2016.12.07 06:12:44.059,9.13118,9.13331,1.00,1.00
2016.12.07 06:12:46.792,9.13077,9.1333,1.00,1.00
2016.12.07 06:12:46.894,9.13067,9.13282,1.00,1.00
2016.12.07 06:12:47.196,9.13098,9.1331,1.00,1.00
2016.12.07 06:12:47.806,9.13086,9.13298,1.00,1.00
2016.12.07 06:12:48.942,9.1308,9.13298,1.00,1.00
2016.12.07 06:12:49.438,9.13081,9.13293,1.00,1.00
2016.12.07 06:12:49.948,9.13086,9.13298,1.00,1.00
2016.12.07 06:12:50.543,9.1308,9.13295,1.00,1.00
2016.12.07 06:12:52.556,9.13072,9.13293,1.00,1.00
2016.12.07 06:12:52.606,9.13083,9.13296,1.00,1.00
2016.12.07 06:12:56.342,9.13089,9.13301,1.00,1.00
2016.12.07 06:12:57.303,9.13085,9.13297,1.00,1.00
2016.12.07 06:12:58.304,9.13086,9.13298,1.00,1.00
2016.12.07 06:12:58.931,9.13082,9.13294,1.00,1.00
2016.12.07 06:12:59.542,9.13091,9.13303,1.00,1.00
2016.12.07 06:13:00.579,9.13096,9.13308,1.00,1.00
2016.12.07 06:13:01.755,9.13091,9.13303,1.00,1.00
2016.12.07 06:13:02.081,9.1308,9.13292,1.00,1.00
2016.12.07 06:13:02.990,9.13079,9.13291,1.00,1.00
2016.12.07 06:13:03.315,9.13085,9.13295,1.00,1.00
2016.12.07 06:13:11.355,9.13086,9.13298,1.00,1.00
2016.12.07 06:13:13.073,9.13084,9.13296,1.00,1.00
2016.12.07 06:13:16.430,9.13086,9.13298,1.00,1.00
2016.12.07 06:13:16.778,9.13074,9.13286,1.00,1.00
2016.12.07 06:13:17.537,9.1309,9.13302,1.00,1.00
2016.12.07 06:13:18.443,9.13101,9.13311,1.00,1.00
2016.12.07 06:13:18.494,9.13079,9.13291,1.00,1.00
2016.12.07 06:13:18.545,9.13097,9.13309,1.00,1.00
2016.12.07 06:13:18.897,9.13089,9.13301,1.00,1.00
2016.12.07 06:13:19.585,9.13085,9.13297,1.00,1.00
2016.12.07 06:13:19.790,9.13091,9.13304,1.00,1.00
2016.12.07 06:13:20.062,9.13123,9.13304,1.00,1.00
2016.12.07 06:13:20.240,9.13091,9.13304,1.00,1.00
2016.12.07 06:13:20.596,9.13088,9.133,1.00,1.00
2016.12.07 06:13:23.626,9.13088,9.133,1.37,1.00
2016.12.07 06:13:23.727,9.13088,9.133,1.00,1.00
2016.12.07 06:13:23.777,9.13128,9.133,1.00,1.00
2016.12.07 06:13:23.878,9.13088,9.133,1.00,1.00
2016.12.07 06:13:26.458,9.13098,9.1331,1.00,1.00
2016.12.07 06:13:30.601,9.13104,9.13316,1.00,1.00
2016.12.07 06:13:30.811,9.13116,9.13329,1.00,1.00
2016.12.07 06:13:32.916,9.13137,9.13329,1.54,1.00
2016.12.07 06:13:33.068,9.13142,9.13354,1.00,1.60
2016.12.07 06:13:35.116,9.13141,9.13353,1.00,1.60
2016.12.07 06:13:35.511,9.13145,9.13357,1.00,1.60
2016.12.07 06:13:35.562,9.13139,9.13351,1.00,1.60
2016.12.07 06:13:36.534,9.13138,9.1335,1.00,1.60
2016.12.07 06:13:36.585,9.1312,9.13332,1.00,1.00
2016.12.07 06:13:37.525,9.13126,9.13338,1.00,1.60
2016.12.07 06:13:38.062,9.1312,9.13332,1.00,1.00
2016.12.07 06:13:39.703,9.13126,9.13338,1.00,1.60
2016.12.07 06:13:40.585,9.1312,9.13332,1.00,1.00
2016.12.07 06:13:41.518,9.13127,9.13339,1.00,1.60
2016.12.07 06:13:43.132,9.13123,9.13336,1.00,1.60
2016.12.07 06:13:48.442,9.13122,9.13335,1.00,1.60
2016.12.07 06:13:50.330,9.13119,9.13331,1.00,1.00
2016.12.07 06:13:52.574,9.13133,9.13345,1.00,1.60
2016.12.07 06:13:52.676,9.13105,9.13317,1.00,1.00
2016.12.07 06:13:56.465,9.13108,9.1332,1.00,1.00
2016.12.07 06:13:58.873,9.13115,9.13325,1.00,1.00
2016.12.07 06:13:58.974,9.1312,9.13332,1.00,1.00
2016.12.07 06:14:03.434,9.13119,9.13331,1.00,1.00
2016.12.07 06:14:09.198,9.13123,9.1333,1.00,1.00
2016.12.07 06:14:11.477,9.13125,9.13334,1.00,1.35
2016.12.07 06:14:12.621,9.13129,9.13338,1.00,1.60
2016.12.07 06:14:18.464,9.1313,9.13339,1.00,1.60
2016.12.07 06:14:18.764,9.13124,9.13333,1.00,1.00
2016.12.07 06:14:25.567,9.13118,9.13327,1.00,1.00
2016.12.07 06:14:25.965,9.13113,9.13322,1.00,1.00
2016.12.07 06:14:26.473,9.13108,9.13317,1.00,1.00
2016.12.07 06:14:26.894,9.13094,9.13312,1.00,1.00
2016.12.07 06:14:26.996,9.13091,9.133,1.00,1.00
2016.12.07 06:14:27.541,9.13098,9.13307,1.00,1.00
2016.12.07 06:14:27.760,9.13094,9.13326,1.00,1.00
2016.12.07 06:14:27.871,9.13089,9.13298,1.00,1.00
2016.12.07 06:14:28.515,9.13108,9.13317,1.00,1.00
2016.12.07 06:14:28.616,9.13094,9.13329,1.00,1.00
2016.12.07 06:14:32.473,9.13089,9.13324,1.00,1.00
2016.12.07 06:14:32.832,9.13122,9.1333,1.00,1.00
2016.12.07 06:14:33.605,9.13129,9.13338,1.00,1.60
2016.12.07 06:14:34.017,9.13122,9.13331,1.00,1.00
2016.12.07 06:14:34.480,9.13129,9.13338,1.00,1.60
2016.12.07 06:14:34.699,9.13122,9.13331,1.00,1.00
2016.12.07 06:14:35.121,9.13129,9.13338,1.00,1.60
2016.12.07 06:14:35.700,9.13134,9.13342,1.00,1.60
2016.12.07 06:14:36.172,9.13146,9.13355,1.00,1.60
2016.12.07 06:14:41.511,9.13142,9.1335,1.00,1.60
2016.12.07 06:14:42.040,9.13148,9.13355,1.00,1.60
2016.12.07 06:14:43.282,9.13146,9.13355,1.00,1.60
2016.12.07 06:14:44.547,9.13142,9.1335,1.00,1.60
2016.12.07 06:14:44.598,9.13148,9.13357,1.00,1.60
2016.12.07 06:14:45.372,9.13142,9.1335,1.00,1.60
2016.12.07 06:14:46.472,9.13148,9.13357,1.00,1.60
2016.12.07 06:14:46.581,9.13142,9.1335,1.00,1.60
2016.12.07 06:14:48.163,9.13142,9.1335,1.00,1.60
2016.12.07 06:14:48.841,9.13141,9.13349,1.00,1.60
2016.12.07 06:14:50.565,9.13148,9.13357,1.00,1.60
2016.12.07 06:14:51.911,9.13142,9.1335,1.00,1.60
2016.12.07 06:14:53.011,9.13122,9.13331,1.00,1.00
2016.12.07 06:14:53.326,9.13133,9.13342,1.00,1.60
2016.12.07 06:14:53.377,9.13106,9.13315,1.00,1.00
2016.12.07 06:14:54.539,9.13114,9.13323,1.00,1.00
2016.12.07 06:14:56.010,9.13134,9.13342,1.00,1.60
2016.12.07 06:14:56.111,9.13095,9.1331,1.00,1.00
2016.12.07 06:14:57.110,9.13093,9.13306,1.00,1.00
2016.12.07 06:14:58.095,9.13089,9.13304,1.00,1.00
2016.12.07 06:15:00.591,9.13096,9.13305,1.00,1.00
2016.12.07 06:15:01.100,9.13087,9.13296,1.00,1.00
2016.12.07 06:15:01.405,9.1307,9.13279,1.00,1.00
2016.12.07 06:15:01.726,9.13094,9.13303,1.00,1.00
2016.12.07 06:15:02.139,9.13088,9.13297,1.00,1.00
2016.12.07 06:15:03.564,9.1309,9.13298,1.00,1.00
2016.12.07 06:15:11.484,9.13081,9.1329,1.00,1.00
2016.12.07 06:15:13.315,9.13079,9.13288,1.00,1.00
2016.12.07 06:15:15.060,9.13074,9.13283,1.00,1.00
2016.12.07 06:15:19.268,9.13081,9.13288,1.00,1.00
2016.12.07 06:15:20.437,9.13084,9.13293,1.00,1.00
2016.12.07 06:15:20.521,9.13088,9.13297,1.00,1.00
2016.12.07 06:15:20.577,9.13056,9.13272,1.00,1.00
2016.12.07 06:15:20.628,9.13073,9.13282,1.00,1.00
2016.12.07 06:15:21.076,9.13062,9.13271,1.00,1.00
2016.12.07 06:15:21.128,9.13059,9.13272,1.00,1.00
2016.12.07 06:15:21.179,9.13079,9.13288,1.00,1.00
2016.12.07 06:15:21.771,9.13061,9.1327,1.00,1.00
2016.12.07 06:15:22.161,9.13066,9.13274,1.00,1.00
2016.12.07 06:15:23.263,9.13083,9.13292,1.00,1.00
2016.12.07 06:15:23.364,9.13081,9.13289,1.00,1.00
2016.12.07 06:15:23.530,9.13104,9.13313,1.00,1.00
2016.12.07 06:15:23.581,9.1307,9.13279,1.00,1.00
2016.12.07 06:15:25.757,9.13087,9.13296,1.00,1.00
2016.12.07 06:15:25.859,9.13114,9.1333,1.00,1.00
2016.12.07 06:15:26.075,9.13108,9.13317,1.00,1.00
2016.12.07 06:15:26.430,9.13085,9.13294,1.00,1.00
2016.12.07 06:15:26.751,9.13066,9.13274,1.00,1.00
2016.12.07 06:15:26.802,9.13085,9.13294,1.00,1.00
2016.12.07 06:15:26.853,9.131,9.13307,1.00,1.00
2016.12.07 06:15:27.075,9.1307,9.13278,1.00,1.00
2016.12.07 06:15:27.126,9.13066,9.13275,1.00,1.00
2016.12.07 06:15:27.513,9.13091,9.133,1.00,1.00
2016.12.07 06:15:27.872,9.13066,9.13275,1.00,1.00
2016.12.07 06:15:28.812,9.13091,9.13298,1.00,1.00
2016.12.07 06:15:28.862,9.13105,9.13314,1.00,1.00
2016.12.07 06:15:29.075,9.13096,9.13305,1.00,1.00
2016.12.07 06:15:29.420,9.13074,9.13283,1.00,1.00
2016.12.07 06:15:29.750,9.13106,9.13315,1.00,1.00
2016.12.07 06:15:30.081,9.13066,9.13274,1.00,1.00
2016.12.07 06:15:30.828,9.13071,9.1328,1.00,1.00
2016.12.07 06:15:31.395,9.13066,9.13274,1.00,1.00
2016.12.07 06:15:32.295,9.13071,9.1328,1.00,1.00
2016.12.07 06:15:32.346,9.13066,9.13274,1.00,1.00
2016.12.07 06:15:32.396,9.13071,9.1328,1.00,1.00
2016.12.07 06:15:33.617,9.13072,9.1328,1.00,1.00
2016.12.07 06:15:33.762,9.13091,9.133,1.00,1.00
2016.12.07 06:15:33.863,9.13105,9.13314,1.00,1.00
2016.12.07 06:15:34.872,9.13082,9.13291,1.00,1.00
2016.12.07 06:15:34.923,9.13069,9.1329,1.00,1.00
2016.12.07 06:15:35.074,9.1306,9.13281,1.00,1.00
2016.12.07 06:15:35.378,9.13072,9.13293,1.00,1.00
2016.12.07 06:15:35.692,9.13054,9.13275,1.00,1.00
2016.12.07 06:15:36.580,9.13042,9.13263,1.00,1.00
2016.12.07 06:15:36.731,9.13046,9.13271,1.00,1.00
2016.12.07 06:15:36.819,9.13053,9.13273,1.00,1.00
2016.12.07 06:15:36.870,9.1304,9.13261,1.00,1.00
2016.12.07 06:15:37.207,9.1305,9.13271,1.00,1.00
2016.12.07 06:15:37.998,9.1304,9.13261,1.00,1.00
2016.12.07 06:15:38.346,9.13045,9.13266,1.00,1.00
2016.12.07 06:15:38.836,9.13067,9.13289,1.00,1.00
2016.12.07 06:15:39.127,9.13073,9.13294,1.00,1.00
2016.12.07 06:15:39.837,9.13068,9.13289,1.00,1.00
2016.12.07 06:15:40.378,9.13076,9.13297,1.00,1.00
2016.12.07 06:15:40.839,9.13068,9.13289,1.00,1.00
2016.12.07 06:15:41.392,9.13076,9.13297,1.00,1.00
2016.12.07 06:15:41.918,9.13068,9.13289,1.00,1.00
2016.12.07 06:15:42.309,9.13076,9.13297,1.00,1.00
2016.12.07 06:15:42.637,9.1307,9.13291,1.00,1.00
2016.12.07 06:15:47.146,9.13078,9.13297,1.00,1.00
2016.12.07 06:15:47.316,9.13073,9.13294,1.00,1.00
2016.12.07 06:15:48.657,9.13072,9.13284,1.00,1.00
2016.12.07 06:15:56.663,9.1307,9.13282,1.00,1.00
2016.12.07 06:15:57.062,9.13085,9.13295,1.00,1.00
2016.12.07 06:15:57.163,9.13072,9.13284,1.00,1.00
2016.12.07 06:15:57.289,9.13084,9.13296,1.00,1.00
2016.12.07 06:15:57.722,9.13072,9.13284,1.00,1.00
2016.12.07 06:15:59.943,9.13084,9.13296,1.00,1.00
2016.12.07 06:16:00.114,9.13073,9.13286,1.00,1.00
2016.12.07 06:16:00.165,9.13084,9.13296,1.00,1.00
2016.12.07 06:16:00.541,9.13071,9.13283,1.00,1.00
2016.12.07 06:16:01.117,9.13077,9.13289,1.00,1.00
2016.12.07 06:16:01.456,9.13071,9.13283,1.00,1.00
2016.12.07 06:16:02.252,9.13084,9.13296,1.00,1.00
2016.12.07 06:16:02.802,9.13071,9.13283,1.00,1.00
2016.12.07 06:16:03.707,9.13072,9.13285,1.00,1.00
2016.12.07 06:16:08.563,9.13086,9.13298,1.00,1.00
2016.12.07 06:16:09.162,9.13077,9.13286,1.00,1.00
2016.12.07 06:16:09.824,9.13078,9.13287,1.00,1.00
2016.12.07 06:16:10.275,9.13072,9.1328,1.00,1.00
2016.12.07 06:16:10.677,9.13066,9.13275,1.00,1.00
2016.12.07 06:16:10.772,9.13057,9.13265,1.00,1.00
2016.12.07 06:16:10.874,9.13085,9.13308,1.00,1.00
2016.12.07 06:16:10.924,9.13074,9.13297,1.00,1.00
2016.12.07 06:16:11.773,9.13069,9.1329,1.00,1.00
2016.12.07 06:16:18.707,9.13068,9.13292,1.00,1.00
2016.12.07 06:16:20.414,9.13078,9.13301,1.00,1.00
2016.12.07 06:16:20.553,9.13068,9.13292,1.00,1.00
2016.12.07 06:16:21.343,9.13085,9.13294,1.00,1.00
2016.12.07 06:16:23.771,9.1309,9.13299,1.00,1.00
2016.12.07 06:16:24.125,9.13086,9.13295,1.00,1.00
2016.12.07 06:16:24.454,9.1308,9.13289,1.00,1.00
2016.12.07 06:16:25.826,9.13085,9.13294,1.00,1.00
2016.12.07 06:16:26.164,9.1308,9.13289,1.00,1.00
2016.12.07 06:16:27.042,9.13087,9.13296,1.00,1.00
2016.12.07 06:16:27.425,9.13083,9.13292,1.00,1.00
2016.12.07 06:16:27.952,9.13088,9.13296,1.00,1.00
2016.12.07 06:16:28.223,9.13085,9.13294,1.00,1.00
2016.12.07 06:16:29.019,9.13093,9.13301,1.00,1.00
2016.12.07 06:16:29.328,9.13083,9.1329,1.00,1.00
2016.12.07 06:16:31.475,9.13088,9.13297,1.00,1.00
2016.12.07 06:16:32.870,9.13085,9.13292,1.00,1.00
2016.12.07 06:16:32.921,9.13096,9.13304,1.00,1.00
2016.12.07 06:16:33.030,9.13085,9.13294,1.00,1.00
2016.12.07 06:16:33.777,9.13101,9.1331,1.00,1.00
2016.12.07 06:16:34.082,9.13089,9.13298,1.00,1.00
2016.12.07 06:16:34.827,9.13098,9.13307,1.00,1.00
2016.12.07 06:16:35.142,9.1307,9.13279,1.00,1.00
2016.12.07 06:16:35.614,9.13085,9.13294,1.00,1.00
2016.12.07 06:16:36.723,9.13099,9.13307,1.00,1.00
2016.12.07 06:16:37.044,9.1309,9.13296,1.00,1.00
2016.12.07 06:16:37.177,9.13096,9.13305,1.00,1.00
2016.12.07 06:16:37.357,9.13084,9.13293,1.00,1.00
2016.12.07 06:16:37.680,9.13095,9.13305,1.00,1.00
2016.12.07 06:16:37.838,9.13085,9.13292,1.00,1.00
2016.12.07 06:16:38.769,9.13068,9.13287,1.00,1.00
2016.12.07 06:16:38.820,9.1309,9.13287,1.00,1.00
2016.12.07 06:16:38.870,9.13068,9.13287,1.00,1.00
2016.12.07 06:16:39.273,9.13068,9.13296,1.00,1.00
2016.12.07 06:16:39.375,9.13068,9.13287,1.00,1.00
2016.12.07 06:16:39.628,9.13048,9.13287,1.00,1.00
2016.12.07 06:16:39.679,9.13048,9.13277,1.00,1.00
2016.12.07 06:16:39.996,9.1305,9.13277,1.00,1.00
2016.12.07 06:16:40.049,9.13038,9.13277,1.00,1.00
2016.12.07 06:16:40.268,9.13039,9.13287,1.00,1.00
2016.12.07 06:16:43.017,9.13039,9.13267,1.00,1.00
2016.12.07 06:16:43.495,9.13036,9.13267,1.00,1.00
2016.12.07 06:16:43.917,9.13029,9.13267,1.00,1.00
2016.12.07 06:16:44.176,9.13029,9.13277,1.00,1.00
2016.12.07 06:16:44.227,9.13036,9.13277,1.00,1.00
2016.12.07 06:16:45.380,9.13034,9.13277,1.00,1.00
2016.12.07 06:16:48.767,9.13049,9.13277,1.00,1.00
2016.12.07 06:16:49.617,9.13056,9.13277,1.00,1.00
2016.12.07 06:16:49.794,9.13048,9.13277,1.00,1.00
2016.12.07 06:16:49.895,9.13057,9.13267,1.00,1.00
2016.12.07 06:16:50.057,9.13045,9.13267,1.00,1.00
2016.12.07 06:16:51.035,9.13047,9.13267,1.00,1.00
2016.12.07 06:16:53.335,9.13047,9.13257,1.00,1.00
2016.12.07 06:16:53.716,9.13049,9.13257,1.00,1.00
2016.12.07 06:16:55.127,9.1306,9.13257,1.00,1.00
2016.12.07 06:16:55.226,9.13051,9.13257,1.00,1.00
2016.12.07 06:16:55.535,9.13059,9.13257,1.00,1.00
2016.12.07 06:16:55.720,9.13051,9.13257,1.00,1.00
2016.12.07 06:16:56.536,9.13047,9.13257,1.00,1.00
2016.12.07 06:16:56.898,9.13059,9.13257,1.00,1.00
2016.12.07 06:16:57.145,9.1305,9.13257,1.00,1.00
2016.12.07 06:16:57.196,9.13059,9.13257,1.00,1.00
2016.12.07 06:16:57.434,9.13048,9.13257,1.00,1.00
2016.12.07 06:16:57.514,9.13059,9.13257,1.00,1.00
2016.12.07 06:16:58.059,9.13049,9.13257,1.00,1.00
2016.12.07 06:16:58.274,9.13059,9.13257,1.00,1.00
2016.12.07 06:16:58.414,9.13051,9.13257,1.00,1.00
2016.12.07 06:17:00.095,9.13058,9.13257,1.00,1.00
2016.12.07 06:17:00.146,9.13047,9.13257,1.00,1.00
2016.12.07 06:17:00.197,9.13056,9.13257,1.00,1.00
2016.12.07 06:17:00.298,9.13049,9.13257,1.00,1.00
2016.12.07 06:17:00.950,9.13041,9.13257,1.00,1.00
2016.12.07 06:17:01.117,9.13059,9.13257,1.00,1.00
2016.12.07 06:17:01.442,9.13066,9.13257,1.00,1.00
2016.12.07 06:17:01.595,9.13066,9.13267,1.00,1.00
2016.12.07 06:17:01.795,9.13066,9.13257,1.00,1.00
2016.12.07 06:17:03.796,9.13068,9.13257,1.00,1.00
2016.12.07 06:17:04.798,9.13069,9.13257,1.00,1.00
2016.12.07 06:17:05.817,9.1307,9.13257,1.00,1.00
2016.12.07 06:17:06.866,9.13097,9.13257,1.00,1.00
2016.12.07 06:17:09.517,9.13088,9.13257,1.00,1.00
2016.12.07 06:17:09.669,9.13093,9.13257,1.00,1.00
2016.12.07 06:17:09.719,9.13082,9.13257,1.00,1.00
2016.12.07 06:17:09.996,9.13092,9.13257,1.00,1.00
2016.12.07 06:17:10.309,9.13083,9.13257,1.00,1.00
2016.12.07 06:17:10.360,9.13076,9.13257,1.00,1.00
2016.12.07 06:17:10.411,9.13076,9.13247,1.00,1.00
2016.12.07 06:17:10.999,9.13071,9.13247,1.00,1.00
2016.12.07 06:17:11.406,9.13071,9.13237,1.00,1.00
2016.12.07 06:17:11.766,9.13083,9.13237,1.00,1.00
2016.12.07 06:17:12.408,9.13083,9.13247,1.00,1.00
2016.12.07 06:17:12.512,9.13081,9.13247,1.00,1.00
2016.12.07 06:17:12.608,9.13081,9.13237,1.00,1.00
2016.12.07 06:17:13.520,9.13077,9.13237,1.00,1.00
2016.12.07 06:17:13.571,9.13088,9.13237,1.00,1.00
2016.12.07 06:17:13.622,9.13083,9.13237,1.00,1.00
2016.12.07 06:17:13.723,9.13072,9.13237,1.00,1.00
2016.12.07 06:17:14.512,9.13088,9.13247,1.00,1.00
2016.12.07 06:17:14.725,9.13082,9.13247,1.00,1.00
2016.12.07 06:17:15.449,9.13093,9.13247,1.00,1.00
2016.12.07 06:17:15.550,9.13101,9.13256,1.00,1.00
2016.12.07 06:17:16.440,9.13096,9.13256,1.00,1.00
2016.12.07 06:17:17.229,9.13092,9.13256,1.00,1.00
2016.12.07 06:17:18.249,9.131,9.13256,1.00,1.00
2016.12.07 06:17:18.419,9.13093,9.13256,1.00,1.00
2016.12.07 06:17:19.251,9.13089,9.13256,1.00,1.00
2016.12.07 06:17:21.517,9.13089,9.13237,1.00,1.00
2016.12.07 06:17:21.568,9.13085,9.13237,1.00,1.00
2016.12.07 06:17:21.794,9.13078,9.13237,1.00,1.00
2016.12.07 06:17:22.660,9.1309,9.13237,1.00,1.00
2016.12.07 06:17:22.762,9.1309,9.13247,1.00,1.00
2016.12.07 06:17:23.701,9.13089,9.13247,1.00,1.00
2016.12.07 06:17:25.792,9.13096,9.13247,1.00,1.00
2016.12.07 06:17:25.843,9.13096,9.13257,1.00,1.00
2016.12.07 06:17:25.894,9.13101,9.13257,1.00,1.00
2016.12.07 06:17:26.064,9.13095,9.13257,1.00,1.00
2016.12.07 06:17:26.876,9.13091,9.13257,1.00,1.00
2016.12.07 06:17:28.584,9.13092,9.13257,1.00,1.00
2016.12.07 06:17:28.783,9.13097,9.13257,1.00,1.00
2016.12.07 06:17:29.034,9.13095,9.13257,1.00,1.00
2016.12.07 06:17:29.180,9.13106,9.13257,1.00,1.00
2016.12.07 06:17:29.739,9.13097,9.13257,1.00,1.00
2016.12.07 06:17:29.834,9.13108,9.13257,1.00,1.00
2016.12.07 06:17:30.025,9.13095,9.13257,1.00,1.00
2016.12.07 06:17:30.138,9.13109,9.13257,1.00,1.00
2016.12.07 06:17:30.384,9.13098,9.13257,1.00,1.00
2016.12.07 06:17:30.586,9.13098,9.13267,1.00,1.00
2016.12.07 06:17:30.780,9.13108,9.13267,1.00,1.00
2016.12.07 06:17:31.045,9.13099,9.13267,1.00,1.00
2016.12.07 06:17:31.187,9.13109,9.13267,1.00,1.00
2016.12.07 06:17:31.338,9.13095,9.13267,1.00,1.00
2016.12.07 06:17:31.527,9.13095,9.13257,1.00,1.00
2016.12.07 06:17:34.221,9.13104,9.13257,1.00,1.00
2016.12.07 06:17:34.272,9.13095,9.13257,1.00,1.00
2016.12.07 06:17:34.727,9.13114,9.13257,1.00,1.00
2016.12.07 06:17:34.828,9.13113,9.13267,1.00,1.00
2016.12.07 06:17:35.143,9.13113,9.13257,1.00,1.00
2016.12.07 06:17:35.215,9.13102,9.13257,1.00,1.00
2016.12.07 06:17:35.869,9.13097,9.13257,1.00,1.00
2016.12.07 06:17:38.461,9.13092,9.13257,1.00,1.00
2016.12.07 06:17:41.536,9.13092,9.13301,1.00,1.00
2016.12.07 06:17:42.216,9.13093,9.13302,1.00,1.00
2016.12.07 06:17:45.660,9.13104,9.13312,1.00,1.00
2016.12.07 06:17:45.797,9.13092,9.13301,1.00,1.00
2016.12.07 06:17:45.931,9.13102,9.13311,1.00,1.00
2016.12.07 06:17:46.255,9.13094,9.13303,1.00,1.00
2016.12.07 06:17:46.799,9.13089,9.13297,1.00,1.00
2016.12.07 06:17:50.628,9.13084,9.13293,1.00,1.00
2016.12.07 06:17:56.902,9.13083,9.13292,1.00,1.00
2016.12.07 06:17:58.644,9.13085,9.13294,1.00,1.00
2016.12.07 06:18:01.460,9.13087,9.13296,1.00,1.00
2016.12.07 06:18:02.460,9.13085,9.13294,1.00,1.00
2016.12.07 06:18:03.794,9.13097,9.13304,1.00,1.00
2016.12.07 06:18:04.795,9.13098,9.13305,1.00,1.00
2016.12.07 06:18:05.234,9.13102,9.13311,1.00,1.00
2016.12.07 06:18:10.931,9.13096,9.13304,1.00,1.00
2016.12.07 06:18:15.632,9.13092,9.13304,1.00,1.00
2016.12.07 06:18:18.354,9.13056,9.13306,1.00,1.00
2016.12.07 06:18:18.456,9.13054,9.13266,1.00,1.00
2016.12.07 06:18:18.827,9.13045,9.13257,1.00,1.00
2016.12.07 06:18:19.327,9.13028,9.1324,1.00,1.00
2016.12.07 06:18:19.828,9.13039,9.1325,1.00,1.00
2016.12.07 06:18:20.006,9.13031,9.13243,1.00,1.00
2016.12.07 06:18:20.390,9.13036,9.13248,1.00,1.00
2016.12.07 06:18:21.036,9.13029,9.13241,1.00,1.00
2016.12.07 06:18:21.087,9.12996,9.13237,1.00,1.00
2016.12.07 06:18:21.138,9.12996,9.13233,1.00,1.00
2016.12.07 06:18:21.444,9.13018,9.1323,1.00,1.00
2016.12.07 06:18:22.219,9.13023,9.13234,1.00,1.00
2016.12.07 06:18:23.380,9.13027,9.13237,1.00,1.00
2016.12.07 06:18:23.910,9.13023,9.13227,1.00,1.00
2016.12.07 06:18:24.383,9.13027,9.13227,1.00,1.00
2016.12.07 06:18:25.012,9.12996,9.13227,1.00,1.00
2016.12.07 06:18:25.113,9.12966,9.1318,1.00,1.00
2016.12.07 06:18:25.462,9.12966,9.13177,1.00,1.00
2016.12.07 06:18:26.094,9.12968,9.13177,1.00,1.00
2016.12.07 06:18:26.551,9.12971,9.13177,1.00,1.00
2016.12.07 06:18:26.876,9.12977,9.13177,1.00,1.00
2016.12.07 06:18:27.129,9.13005,9.13207,1.00,1.00
2016.12.07 06:18:27.230,9.13017,9.13226,1.00,1.00
2016.12.07 06:18:27.381,9.13029,9.13226,1.00,1.00
2016.12.07 06:18:27.432,9.13029,9.13237,1.00,1.00
2016.12.07 06:18:27.483,9.13047,9.13237,1.00,1.00
2016.12.07 06:18:27.635,9.13064,9.13257,1.00,1.00
2016.12.07 06:18:27.792,9.13041,9.13253,1.00,1.00
2016.12.07 06:18:27.843,9.13041,9.13247,1.00,1.00
2016.12.07 06:18:28.203,9.13058,9.13247,1.00,1.00
2016.12.07 06:18:28.912,9.13056,9.13247,1.00,1.00
2016.12.07 06:18:31.130,9.13053,9.13247,1.00,1.00
2016.12.07 06:18:31.181,9.13049,9.13247,1.00,1.00
2016.12.07 06:18:31.231,9.13055,9.13247,1.00,1.00
2016.12.07 06:18:32.226,9.13058,9.13247,1.00,1.00
2016.12.07 06:18:33.976,9.13053,9.13247,1.00,1.00
2016.12.07 06:18:35.974,9.13042,9.13247,1.00,1.00
2016.12.07 06:18:36.026,9.13051,9.13247,1.00,1.00
2016.12.07 06:18:36.076,9.13032,9.13244,1.00,1.00
2016.12.07 06:18:36.127,9.13021,9.13233,1.00,1.00
2016.12.07 06:18:36.510,9.13021,9.13227,1.00,1.00
2016.12.07 06:18:37.134,9.13021,9.13233,1.00,1.00
2016.12.07 06:18:37.685,9.13029,9.13241,1.00,1.00
2016.12.07 06:18:38.159,9.13022,9.13234,1.00,1.00
2016.12.07 06:18:40.992,9.12987,9.13233,1.00,1.00
2016.12.07 06:18:41.043,9.12987,9.13217,1.00,1.00
2016.12.07 06:18:41.094,9.12966,9.13212,1.00,1.00
2016.12.07 06:18:41.145,9.12974,9.13186,1.00,1.00
2016.12.07 06:18:42.123,9.1297,9.13182,1.00,1.00
2016.12.07 06:18:43.734,9.12971,9.13184,1.00,1.00
2016.12.07 06:18:48.363,9.13015,9.13228,1.00,1.00
2016.12.07 06:18:48.748,9.13018,9.1323,1.00,1.00
2016.12.07 06:18:49.336,9.13025,9.13237,1.00,1.00
2016.12.07 06:18:50.445,9.1302,9.1323,1.00,1.00
2016.12.07 06:18:50.606,9.13028,9.1324,1.00,1.00
2016.12.07 06:18:51.522,9.13025,9.13235,1.00,1.00
2016.12.07 06:18:52.530,9.13049,9.13261,1.00,1.00
2016.12.07 06:18:52.682,9.13056,9.13267,1.00,1.00
2016.12.07 06:18:53.253,9.13056,9.13268,1.00,1.00
2016.12.07 06:18:55.949,9.13048,9.13262,1.00,1.00
2016.12.07 06:18:56.010,9.13045,9.13257,1.00,1.00
2016.12.07 06:18:57.048,9.13042,9.13254,1.00,1.00
2016.12.07 06:18:58.213,9.13041,9.13253,1.00,1.00
2016.12.07 06:18:59.215,9.13043,9.13256,1.00,1.00
2016.12.07 06:19:00.165,9.13048,9.1326,1.00,1.00
2016.12.07 06:19:00.855,9.13042,9.13254,1.00,1.00
2016.12.07 06:19:01.160,9.13049,9.13259,1.00,1.00
2016.12.07 06:19:01.941,9.13049,9.13261,1.00,1.00
2016.12.07 06:19:03.481,9.13036,9.13248,1.00,1.00
2016.12.07 06:19:03.811,9.13033,9.13246,1.00,1.00
2016.12.07 06:19:05.120,9.13034,9.13247,1.00,1.00
2016.12.07 06:19:06.083,9.13033,9.13246,1.00,1.00
2016.12.07 06:19:09.274,9.13029,9.13241,1.00,1.00
2016.12.07 06:19:10.674,9.13038,9.1325,1.00,1.00
2016.12.07 06:19:10.987,9.13043,9.13255,1.00,1.00
2016.12.07 06:19:11.748,9.13038,9.1325,1.00,1.00
2016.12.07 06:19:12.049,9.13043,9.13255,1.00,1.00
2016.12.07 06:19:12.827,9.13045,9.13257,1.00,1.00
2016.12.07 06:19:13.817,9.13043,9.13255,1.00,1.00
2016.12.07 06:19:14.576,9.13047,9.13262,1.00,1.00
2016.12.07 06:19:14.627,9.13081,9.13293,1.00,1.00
2016.12.07 06:19:14.932,9.13095,9.13307,1.00,1.00
2016.12.07 06:19:15.595,9.13103,9.13315,1.00,1.00
2016.12.07 06:19:19.100,9.1311,9.13322,1.00,1.00
2016.12.07 06:19:21.737,9.13114,9.13326,1.00,1.00
2016.12.07 06:19:22.087,9.13122,9.13334,1.00,1.00
2016.12.07 06:19:22.806,9.13127,9.13339,1.00,1.00
2016.12.07 06:19:27.082,9.13126,9.13338,1.00,1.00
2016.12.07 06:19:27.446,9.1313,9.13342,1.00,1.00
2016.12.07 06:19:28.085,9.13126,9.13338,1.00,1.00
2016.12.07 06:19:36.630,9.13121,9.13333,1.00,1.00
2016.12.07 06:19:36.998,9.13117,9.13329,1.00,1.00
2016.12.07 06:19:37.657,9.13116,9.13328,1.00,1.00
2016.12.07 06:19:42.112,9.1312,9.13332,1.00,1.00
2016.12.07 06:19:42.857,9.13113,9.13325,1.00,1.00
2016.12.07 06:19:46.846,9.1307,9.1328,1.00,1.00
2016.12.07 06:19:46.897,9.1306,9.13272,1.00,1.00
2016.12.07 06:19:47.190,9.13075,9.13287,1.00,1.00
2016.12.07 06:19:47.538,9.13105,9.13317,1.00,1.00
2016.12.07 06:19:47.893,9.13113,9.13325,1.00,1.00
2016.12.07 06:19:49.775,9.13109,9.13321,1.00,1.00
2016.12.07 06:19:50.239,9.13104,9.13316,1.00,1.00
2016.12.07 06:19:55.617,9.13093,9.13305,1.00,1.00
2016.12.07 06:19:55.825,9.13084,9.13297,1.00,1.00
2016.12.07 06:19:55.876,9.1308,9.13298,1.00,1.00
2016.12.07 06:19:56.030,9.13078,9.13288,1.00,1.00
2016.12.07 06:19:56.836,9.13083,9.13295,1.00,1.00
2016.12.07 06:19:57.818,9.1308,9.13292,1.00,1.00
2016.12.07 06:19:58.164,9.1307,9.13282,1.00,1.00
2016.12.07 06:19:58.820,9.13066,9.13278,1.00,1.00
2016.12.07 06:20:00.655,9.13062,9.13274,1.00,1.00
2016.12.07 06:20:01.134,9.1305,9.13262,1.00,1.00
2016.12.07 06:20:04.200,9.13052,9.13262,1.00,1.00
2016.12.07 06:20:05.921,9.13049,9.13261,1.00,1.00
2016.12.07 06:20:07.051,9.13061,9.13273,1.00,1.00
2016.12.07 06:20:07.832,9.13065,9.13277,1.00,1.00
2016.12.07 06:20:11.207,9.13078,9.13287,1.00,1.00
2016.12.07 06:20:11.316,9.13063,9.13275,1.00,1.00
2016.12.07 06:20:12.317,9.13065,9.13277,1.00,1.00
2016.12.07 06:20:13.914,9.13064,9.13276,1.00,1.00
2016.12.07 06:20:17.338,9.13056,9.13268,1.00,1.00
2016.12.07 06:20:20.900,9.13081,9.13293,1.00,1.00
2016.12.07 06:20:21.886,9.13081,9.13291,1.00,1.00
2016.12.07 06:20:25.843,9.13085,9.13297,1.00,1.00
2016.12.07 06:20:25.894,9.1308,9.13292,1.00,1.00
2016.12.07 06:20:26.368,9.13086,9.13296,1.00,1.00
2016.12.07 06:20:26.796,9.13078,9.13288,1.00,1.00
2016.12.07 06:20:26.854,9.13083,9.13295,1.00,1.00
2016.12.07 06:20:27.371,9.13077,9.13289,1.00,1.00
2016.12.07 06:20:27.703,9.13082,9.13294,1.00,1.00
2016.12.07 06:20:28.248,9.13076,9.13288,1.00,1.00
2016.12.07 06:20:28.958,9.13077,9.13289,1.00,1.00
2016.12.07 06:20:29.752,9.13082,9.13294,1.00,1.00
2016.12.07 06:20:30.855,9.13085,9.13294,1.00,1.00
2016.12.07 06:20:31.867,9.13081,9.13289,1.00,1.00
2016.12.07 06:20:34.226,9.13087,9.13295,1.00,1.00
2016.12.07 06:20:35.615,9.13093,9.13302,1.00,1.00
2016.12.07 06:20:35.666,9.13088,9.13296,1.00,1.00
2016.12.07 06:20:42.232,9.13087,9.13295,1.00,1.00
2016.12.07 06:20:43.974,9.1309,9.13299,1.00,1.00
2016.12.07 06:20:45.039,9.13092,9.13301,1.00,1.00
2016.12.07 06:20:45.442,9.13088,9.13296,1.00,1.00
2016.12.07 06:20:47.663,9.13097,9.13306,1.00,1.00
2016.12.07 06:20:47.765,9.13099,9.13307,1.00,1.00
2016.12.07 06:20:48.665,9.13104,9.13313,1.00,1.00
2016.12.07 06:20:52.423,9.13098,9.13307,1.00,1.00
2016.12.07 06:20:52.738,9.13115,9.13324,1.00,1.00
2016.12.07 06:20:53.410,9.13131,9.1334,1.00,1.00
2016.12.07 06:20:54.442,9.13127,9.13336,1.00,1.00
2016.12.07 06:20:54.855,9.1314,9.13349,1.00,1.00
2016.12.07 06:20:58.513,9.13145,9.13354,1.00,1.00
2016.12.07 06:20:58.973,9.1314,9.13349,1.00,1.00
2016.12.07 06:20:59.488,9.13146,9.13353,1.00,1.00
2016.12.07 06:20:59.538,9.13138,9.13347,1.00,1.00
2016.12.07 06:20:59.724,9.13145,9.13354,1.00,1.00
2016.12.07 06:21:00.292,9.13138,9.13347,1.00,1.00
2016.12.07 06:21:00.624,9.1313,9.13339,1.00,1.00
2016.12.07 06:21:00.953,9.13138,9.13347,1.00,1.00
2016.12.07 06:21:01.535,9.13144,9.13353,1.00,1.00
2016.12.07 06:21:06.150,9.1314,9.13349,1.00,1.00
2016.12.07 06:21:06.802,9.13151,9.1336,1.00,1.00
2016.12.07 06:21:11.691,9.13145,9.13354,1.00,1.00
2016.12.07 06:21:14.033,9.13147,9.13356,1.00,1.00
2016.12.07 06:21:16.795,9.1314,9.13349,1.00,1.00
2016.12.07 06:21:19.102,9.13144,9.13353,1.00,1.00
2016.12.07 06:21:22.196,9.1314,9.13349,1.00,1.00
2016.12.07 06:21:22.544,9.13123,9.13332,1.00,1.00
2016.12.07 06:21:22.883,9.13114,9.13326,1.00,1.00
2016.12.07 06:21:23.686,9.13118,9.1333,1.00,1.00
2016.12.07 06:21:24.386,9.13111,9.13323,1.00,1.00
2016.12.07 06:21:24.767,9.13117,9.13329,1.00,1.00
2016.12.07 06:21:25.096,9.13111,9.13323,1.00,1.00
2016.12.07 06:21:25.478,9.13119,9.13331,1.00,1.00
2016.12.07 06:21:25.786,9.13122,9.13334,1.00,1.00
2016.12.07 06:21:26.087,9.13111,9.13323,1.00,1.00
2016.12.07 06:21:26.411,9.1312,9.13331,1.00,1.00
2016.12.07 06:21:27.052,9.13111,9.13323,1.00,1.00
2016.12.07 06:21:27.248,9.13117,9.13329,1.00,1.00
2016.12.07 06:21:27.589,9.1311,9.13322,1.00,1.00
2016.12.07 06:21:28.251,9.13117,9.13329,1.00,1.00
2016.12.07 06:21:28.592,9.1311,9.13322,1.00,1.00
2016.12.07 06:21:28.840,9.13119,9.13332,1.00,1.00
2016.12.07 06:21:29.110,9.1311,9.13322,1.00,1.00
2016.12.07 06:21:29.190,9.13119,9.13332,1.00,1.00
2016.12.07 06:21:29.474,9.13111,9.13323,1.00,1.00
2016.12.07 06:21:29.599,9.13119,9.13332,1.00,1.00
2016.12.07 06:21:29.989,9.13111,9.13323,1.00,1.00
2016.12.07 06:21:31.089,9.13116,9.13328,1.00,1.00
2016.12.07 06:21:31.430,9.13123,9.13335,1.00,1.00
2016.12.07 06:21:31.960,9.1314,9.13352,1.00,1.00
2016.12.07 06:21:32.411,9.13149,9.13361,1.00,1.00
2016.12.07 06:21:32.865,9.13152,9.13364,1.00,1.00
2016.12.07 06:21:34.336,9.13151,9.13363,1.00,1.00
2016.12.07 06:21:36.514,9.1314,9.13352,1.00,1.00
2016.12.07 06:21:36.843,9.13136,9.13348,1.00,1.00
2016.12.07 06:21:37.038,9.13148,9.13361,1.00,1.00
2016.12.07 06:21:37.122,9.13137,9.13349,1.00,1.00
2016.12.07 06:21:37.574,9.13154,9.13366,1.00,1.00
2016.12.07 06:21:38.242,9.13154,9.13364,1.00,1.00
2016.12.07 06:21:42.361,9.1315,9.13362,1.00,1.00
2016.12.07 06:21:43.879,9.13156,9.13368,1.00,1.00
2016.12.07 06:21:48.070,9.13141,9.13364,1.00,1.00
2016.12.07 06:21:48.121,9.1314,9.13352,1.00,1.00
2016.12.07 06:21:48.589,9.13127,9.13339,1.00,1.00
2016.12.07 06:21:48.989,9.13137,9.13349,1.00,1.00
2016.12.07 06:21:57.382,9.13136,9.13348,1.00,1.00
2016.12.07 06:21:59.123,9.13137,9.13349,1.00,1.00
2016.12.07 06:22:12.457,9.13136,9.13348,1.00,1.00
2016.12.07 06:22:13.011,9.13123,9.13335,1.00,1.00
2016.12.07 06:22:13.417,9.13149,9.13361,1.00,1.00
2016.12.07 06:22:14.153,9.13147,9.13359,1.00,1.00
2016.12.07 06:22:14.364,9.1317,9.13383,1.00,1.00
2016.12.07 06:22:14.616,9.13172,9.13384,1.00,1.00
2016.12.07 06:22:14.943,9.13187,9.13399,1.00,1.00
2016.12.07 06:22:15.249,9.13206,9.13418,1.00,1.00
2016.12.07 06:22:15.571,9.13218,9.1343,1.00,1.00
2016.12.07 06:22:15.954,9.13214,9.13424,1.00,1.00
2016.12.07 06:22:16.617,9.13224,9.13436,1.00,1.00
2016.12.07 06:22:16.824,9.13198,9.1341,1.00,1.00
2016.12.07 06:22:17.207,9.13213,9.13423,1.00,1.00
2016.12.07 06:22:19.426,9.13211,9.13423,1.00,1.00
2016.12.07 06:22:20.554,9.1322,9.13434,1.00,1.00
2016.12.07 06:22:20.605,9.13215,9.13428,1.00,1.00
2016.12.07 06:22:21.011,9.13208,9.1342,1.00,1.00
2016.12.07 06:22:21.817,9.13211,9.13423,1.00,1.00
2016.12.07 06:22:22.223,9.13216,9.13428,1.00,1.00
2016.12.07 06:22:27.443,9.13213,9.13425,1.00,1.00
2016.12.07 06:22:31.792,9.13208,9.13418,1.00,1.00
2016.12.07 06:22:31.866,9.13211,9.13423,1.00,1.00
2016.12.07 06:22:32.746,9.13216,9.13428,1.00,1.00
2016.12.07 06:22:33.763,9.13216,9.13426,1.00,1.00
2016.12.07 06:22:35.843,9.13209,9.13421,1.00,1.00
2016.12.07 06:22:36.668,9.13215,9.13427,1.00,1.00
2016.12.07 06:22:39.762,9.13205,9.13417,1.00,1.00
2016.12.07 06:22:42.928,9.13198,9.1341,1.00,1.00
2016.12.07 06:22:42.995,9.13202,9.13415,1.00,1.00
2016.12.07 06:22:43.162,9.13198,9.13408,1.00,1.00
2016.12.07 06:22:43.269,9.13207,9.13419,1.00,1.00
2016.12.07 06:22:45.253,9.13201,9.13411,1.00,1.00
2016.12.07 06:22:47.094,9.13207,9.13419,1.00,1.00
2016.12.07 06:22:47.154,9.13195,9.13417,1.00,1.00
2016.12.07 06:22:47.205,9.132,9.13412,1.00,1.00
2016.12.07 06:22:48.157,9.13201,9.13413,1.00,1.00
2016.12.07 06:22:48.597,9.13197,9.13409,1.00,1.00
2016.12.07 06:22:49.159,9.13201,9.13413,1.00,1.00
2016.12.07 06:22:49.485,9.13192,9.13404,1.00,1.00
2016.12.07 06:22:53.269,9.13186,9.13398,1.00,1.00
2016.12.07 06:22:53.879,9.13192,9.13404,1.00,1.00
2016.12.07 06:23:16.301,9.13187,9.134,1.00,1.00
2016.12.07 06:23:27.562,9.13192,9.13404,1.00,1.00
2016.12.07 06:23:32.158,9.13186,9.13398,1.00,1.00
2016.12.07 06:23:34.613,9.13184,9.13396,1.00,1.00
2016.12.07 06:23:36.317,9.13176,9.13388,1.00,1.00
2016.12.07 06:23:41.196,9.13173,9.13383,1.00,1.00
2016.12.07 06:23:41.323,9.13151,9.13383,1.00,1.00
2016.12.07 06:23:41.374,9.13167,9.13379,1.00,1.00
2016.12.07 06:23:42.580,9.13171,9.13383,1.00,1.00
2016.12.07 06:23:43.577,9.13173,9.13383,1.00,1.00
2016.12.07 06:23:44.132,9.13158,9.13368,1.00,1.00
2016.12.07 06:23:48.208,9.13143,9.13384,1.00,1.00
2016.12.07 06:23:48.259,9.13138,9.13384,1.00,1.00
2016.12.07 06:23:48.621,9.13132,9.13384,1.00,1.00
2016.12.07 06:23:48.823,9.1311,9.13384,1.00,1.00
2016.12.07 06:23:48.874,9.13138,9.13384,1.00,1.00
2016.12.07 06:23:49.609,9.1312,9.13384,1.00,1.00
2016.12.07 06:23:51.347,9.13117,9.13384,1.00,1.00
2016.12.07 06:23:54.580,9.13134,9.13378,1.00,1.00
2016.12.07 06:23:57.621,9.13138,9.13382,1.00,1.00
2016.12.07 06:23:58.189,9.13123,9.13377,1.00,1.00
2016.12.07 06:23:59.341,9.13117,9.13371,1.00,1.00
2016.12.07 06:24:04.635,9.13118,9.13362,1.00,1.00
2016.12.07 06:24:06.376,9.13117,9.13362,1.00,1.00
2016.12.07 06:24:10.574,9.13116,9.13356,1.00,1.00
2016.12.07 06:24:11.098,9.13117,9.13356,1.00,1.00
2016.12.07 06:24:12.138,9.13116,9.13328,1.00,1.00
2016.12.07 06:24:12.518,9.13123,9.13335,1.00,1.00
2016.12.07 06:24:13.111,9.13115,9.13327,1.00,1.00
2016.12.07 06:24:19.865,9.13119,9.13331,1.00,1.00
2016.12.07 06:24:20.054,9.1311,9.13323,1.00,1.00
2016.12.07 06:24:21.406,9.13109,9.13321,1.00,1.00
2016.12.07 06:24:22.928,9.13114,9.13326,1.00,1.00
2016.12.07 06:24:23.217,9.13098,9.13311,1.00,1.00
2016.12.07 06:24:24.142,9.13095,9.13305,1.00,1.00
2016.12.07 06:24:25.283,9.13099,9.1331,1.00,1.00
2016.12.07 06:24:27.681,9.13097,9.13309,1.00,1.00
2016.12.07 06:24:30.060,9.13091,9.13303,1.00,1.00
2016.12.07 06:24:31.161,9.13086,9.13298,1.00,1.00
2016.12.07 06:24:31.693,9.13087,9.13299,1.00,1.00
2016.12.07 06:24:32.112,9.1308,9.13292,1.00,1.00
2016.12.07 06:24:42.711,9.13085,9.13295,1.00,1.00
2016.12.07 06:24:46.699,9.13078,9.13288,1.00,1.00
2016.12.07 06:24:54.797,9.13081,9.13293,1.00,1.00
2016.12.07 06:24:55.842,9.13075,9.13285,1.00,1.00
2016.12.07 06:24:56.043,9.13083,9.13294,1.00,1.00
2016.12.07 06:24:57.743,9.13084,9.13296,1.00,1.00
2016.12.07 06:25:01.125,9.13095,9.13307,1.00,1.00
2016.12.07 06:25:01.734,9.13088,9.133,1.00,1.00
2016.12.07 06:25:02.345,9.13092,9.13304,1.00,1.00
2016.12.07 06:25:02.834,9.13087,9.13299,1.00,1.00
2016.12.07 06:25:03.459,9.13092,9.13304,1.00,1.00
2016.12.07 06:25:04.044,9.13087,9.13299,1.00,1.00
2016.12.07 06:25:04.375,9.13094,9.13306,1.00,1.00
2016.12.07 06:25:04.792,9.13105,9.13317,1.00,1.00
2016.12.07 06:25:05.123,9.13096,9.13308,1.00,1.00
2016.12.07 06:25:05.833,9.13104,9.13316,1.00,1.00
2016.12.07 06:25:06.442,9.13095,9.13307,1.00,1.00
2016.12.07 06:25:10.877,9.13106,9.13318,1.00,1.00
2016.12.07 06:25:11.472,9.13102,9.13314,1.00,1.00
2016.12.07 06:25:11.822,9.13135,9.13347,1.00,1.00
2016.12.07 06:25:12.125,9.13168,9.13376,1.00,1.00
2016.12.07 06:25:12.798,9.13175,9.13382,1.00,1.00
2016.12.07 06:25:14.825,9.13173,9.1338,1.00,1.00
2016.12.07 06:25:16.099,9.13159,9.13368,1.00,1.00
2016.12.07 06:25:18.225,9.13165,9.13374,1.00,1.00
2016.12.07 06:25:18.744,9.13158,9.13367,1.00,1.00
2016.12.07 06:25:19.787,9.13159,9.13368,1.00,1.00
2016.12.07 06:25:20.546,9.13161,9.13375,1.00,1.00
2016.12.07 06:25:20.598,9.1316,9.13384,1.00,1.00
2016.12.07 06:25:20.649,9.13211,9.1342,1.00,1.00
2016.12.07 06:25:20.999,9.13228,9.13437,1.00,1.00
2016.12.07 06:25:21.621,9.13236,9.13444,1.00,1.00
2016.12.07 06:25:22.752,9.13229,9.13437,1.00,1.00
2016.12.07 06:25:23.151,9.13236,9.13444,1.00,1.00
2016.12.07 06:25:26.034,9.13229,9.13437,1.00,1.00
2016.12.07 06:25:27.295,9.13234,9.13443,1.00,1.00
2016.12.07 06:25:27.544,9.13245,9.13454,1.00,1.00
2016.12.07 06:25:27.861,9.13254,9.13463,1.00,1.00
2016.12.07 06:25:27.980,9.13244,9.13464,1.00,1.00
2016.12.07 06:25:28.296,9.13254,9.13463,1.00,1.00
2016.12.07 06:25:29.761,9.13259,9.13468,1.00,1.00
2016.12.07 06:25:30.989,9.13258,9.13467,1.00,1.00
2016.12.07 06:25:32.392,9.13263,9.1347,1.00,1.00
2016.12.07 06:25:34.816,9.13263,9.13472,1.00,1.00
2016.12.07 06:25:34.867,9.13265,9.13473,1.00,1.00
2016.12.07 06:25:36.345,9.1326,9.13469,1.00,1.00
2016.12.07 06:25:36.979,9.13267,9.13473,1.00,1.00
2016.12.07 06:25:42.834,9.13268,9.13477,1.00,1.00
2016.12.07 06:25:43.998,9.13273,9.1348,1.00,1.00
2016.12.07 06:25:44.301,9.13286,9.13496,1.00,1.00
2016.12.07 06:25:46.491,9.13274,9.13482,1.00,1.00
2016.12.07 06:25:46.848,9.13281,9.1349,1.00,1.00
2016.12.07 06:25:46.899,9.13277,9.13484,1.00,1.00
2016.12.07 06:25:47.122,9.13274,9.13483,1.00,1.00
2016.12.07 06:25:48.179,9.13279,9.13488,1.00,1.00
2016.12.07 06:25:48.619,9.13274,9.13483,1.00,1.00
2016.12.07 06:25:48.953,9.13281,9.1349,1.00,1.00
2016.12.07 06:25:49.333,9.13272,9.13479,1.00,1.00
2016.12.07 06:25:49.426,9.13281,9.1349,1.00,1.00
2016.12.07 06:25:50.373,9.13295,9.13503,1.00,1.00
2016.12.07 06:25:50.427,9.13284,9.13493,1.00,1.00
2016.12.07 06:25:51.366,9.13277,9.13495,1.00,1.00
2016.12.07 06:25:51.499,9.13278,9.13486,1.00,1.00
2016.12.07 06:25:51.899,9.13288,9.13495,1.00,1.00
2016.12.07 06:25:52.370,9.13283,9.13491,1.00,1.00
2016.12.07 06:25:53.122,9.13277,9.13486,1.00,1.00
2016.12.07 06:25:53.447,9.13285,9.13494,1.00,1.00
2016.12.07 06:25:53.879,9.13302,9.1351,1.00,1.00
2016.12.07 06:25:54.048,9.13293,9.13502,1.00,1.00
2016.12.07 06:25:54.461,9.133,9.13508,1.00,1.00
2016.12.07 06:25:56.663,9.13292,9.13499,1.00,1.00
2016.12.07 06:25:56.764,9.13297,9.13506,1.00,1.00
2016.12.07 06:25:56.815,9.13305,9.13514,1.00,1.00
2016.12.07 06:25:57.862,9.13304,9.13513,1.00,1.00
2016.12.07 06:25:58.185,9.13298,9.13505,1.00,1.00
2016.12.07 06:25:58.331,9.13304,9.13513,1.00,1.00
2016.12.07 06:25:59.332,9.13302,9.1351,1.00,1.00
2016.12.07 06:25:59.382,9.13308,9.13517,1.00,1.00
2016.12.07 06:25:59.433,9.13302,9.1351,1.00,1.00
2016.12.07 06:26:00.333,9.13307,9.13516,1.00,1.00
2016.12.07 06:26:00.384,9.13302,9.1351,1.00,1.00
2016.12.07 06:26:00.524,9.13296,9.13505,1.00,1.00
2016.12.07 06:26:01.338,9.13304,9.13511,1.00,1.00
2016.12.07 06:26:04.327,9.13303,9.13512,1.00,1.00
2016.12.07 06:26:04.877,9.13298,9.13507,1.00,1.00
2016.12.07 06:26:07.074,9.13279,9.13488,1.00,1.00
2016.12.07 06:26:07.454,9.133,9.13509,1.00,1.00
2016.12.07 06:26:09.162,9.13307,9.13516,1.00,1.00
2016.12.07 06:26:09.534,9.13313,9.13522,1.00,1.00
2016.12.07 06:26:09.879,9.13327,9.13536,1.00,1.00
2016.12.07 06:26:10.581,9.13331,9.1354,1.00,1.00
2016.12.07 06:26:11.443,9.13327,9.13536,1.00,1.00
2016.12.07 06:26:11.761,9.1332,9.13529,1.00,1.00
2016.12.07 06:26:12.081,9.13339,9.13548,1.00,1.00
2016.12.07 06:26:12.978,9.13342,9.13551,1.00,1.00
2016.12.07 06:26:15.287,9.13322,9.13531,1.00,1.00
2016.12.07 06:26:16.288,9.13321,9.1353,1.00,1.00
2016.12.07 06:26:16.834,9.13322,9.13531,1.00,1.00
2016.12.07 06:26:17.164,9.13329,9.13531,1.00,1.00
2016.12.07 06:26:17.642,9.13325,9.13531,1.00,1.00
2016.12.07 06:26:17.693,9.13322,9.13531,1.00,1.00
2016.12.07 06:26:19.467,9.13315,9.13523,1.00,1.00
2016.12.07 06:26:24.306,9.13321,9.1353,1.00,1.00
2016.12.07 06:26:24.394,9.13315,9.13523,1.00,1.00
2016.12.07 06:26:26.204,9.13321,9.1353,1.00,1.00
2016.12.07 06:26:27.922,9.13318,9.13527,1.00,1.00
2016.12.07 06:26:29.664,9.13319,9.13528,1.00,1.00
2016.12.07 06:26:32.477,9.1331,9.13527,1.00,1.00
2016.12.07 06:26:32.528,9.13301,9.13517,1.00,1.00
2016.12.07 06:26:32.629,9.13284,9.13501,1.00,1.00
2016.12.07 06:26:32.679,9.13253,9.13441,1.67,1.00
2016.12.07 06:26:32.831,9.13214,9.13423,1.00,1.00
2016.12.07 06:26:33.522,9.13172,9.13381,1.00,1.00
2016.12.07 06:26:34.521,9.1317,9.13378,1.00,1.00
2016.12.07 06:26:34.936,9.13165,9.13374,1.00,1.00
2016.12.07 06:26:42.952,9.13168,9.13377,1.00,1.00
2016.12.07 06:26:45.363,9.13162,9.1337,1.00,1.00
2016.12.07 06:26:45.426,9.13174,9.13383,1.00,1.00
2016.12.07 06:26:45.477,9.13187,9.13396,1.00,1.00
2016.12.07 06:26:45.781,9.13155,9.13364,1.00,1.00
2016.12.07 06:26:46.101,9.13197,9.13405,1.00,1.00
2016.12.07 06:26:46.450,9.13202,9.13409,1.00,1.00
2016.12.07 06:26:46.551,9.13172,9.13381,1.00,1.00
2016.12.07 06:26:46.602,9.13177,9.13385,1.00,1.00
2016.12.07 06:26:47.772,9.13171,9.13377,1.00,1.00
2016.12.07 06:26:49.966,9.13167,9.13376,1.00,1.00
2016.12.07 06:26:52.937,9.13172,9.1338,1.00,1.00
2016.12.07 06:26:53.147,9.13167,9.13376,1.00,1.00
2016.12.07 06:26:53.729,9.13174,9.13383,1.00,1.00
2016.12.07 06:26:54.268,9.1317,9.13379,1.00,1.00
2016.12.07 06:26:54.732,9.13174,9.13383,1.00,1.00
2016.12.07 06:26:55.316,9.1317,9.13379,1.00,1.00
2016.12.07 06:26:55.734,9.13174,9.13383,1.00,1.00
2016.12.07 06:26:57.982,9.13177,9.13386,1.00,1.00
2016.12.07 06:26:58.651,9.13173,9.13382,1.00,1.00
2016.12.07 06:26:58.864,9.13188,9.13476,1.00,1.00
2016.12.07 06:26:59.469,9.13198,9.1348,1.00,1.00
2016.12.07 06:26:59.825,9.13193,9.1348,1.00,1.50
2016.12.07 06:27:02.483,9.13197,9.1348,1.00,1.00
2016.12.07 06:27:04.996,9.13197,9.1347,1.00,1.00
2016.12.07 06:27:06.702,9.13197,9.13462,1.00,1.00
2016.12.07 06:27:13.012,9.13194,9.13459,1.00,1.00
2016.12.07 06:27:16.706,9.13194,9.13443,1.00,1.00
2016.12.07 06:27:18.012,9.13195,9.13441,1.00,1.00
2016.12.07 06:27:18.336,9.13225,9.13432,1.00,1.00
2016.12.07 06:27:18.606,9.132,9.13441,1.00,1.00
2016.12.07 06:27:20.059,9.13201,9.13439,1.00,1.00
2016.12.07 06:27:21.813,9.13201,9.13438,1.00,1.00
2016.12.07 06:27:25.116,9.132,9.13409,1.00,1.00
2016.12.07 06:27:28.512,9.13203,9.13409,1.00,1.00
2016.12.07 06:27:33.339,9.13214,9.13423,1.00,1.00
2016.12.07 06:27:34.485,9.13211,9.1342,1.00,1.00
2016.12.07 06:27:35.488,9.1321,9.13419,1.00,1.00
2016.12.07 06:27:36.859,9.13191,9.13427,1.00,1.00
2016.12.07 06:27:36.909,9.13195,9.13404,1.00,1.00
2016.12.07 06:27:37.239,9.13192,9.134,1.00,1.00
2016.12.07 06:27:40.281,9.13176,9.13424,1.00,1.00
2016.12.07 06:27:40.382,9.13164,9.13423,1.00,1.00
2016.12.07 06:27:40.533,9.13146,9.13423,1.00,1.00
2016.12.07 06:27:40.584,9.13149,9.13423,1.00,1.00
2016.12.07 06:27:41.311,9.13148,9.13422,1.00,1.00
2016.12.07 06:27:42.584,9.13144,9.13418,1.00,1.00
2016.12.07 06:27:42.913,9.13125,9.13334,1.00,1.00
2016.12.07 06:27:43.260,9.13079,9.13287,1.00,1.00
2016.12.07 06:27:44.095,9.13076,9.13285,1.00,1.00
2016.12.07 06:27:58.102,9.13077,9.13286,1.00,1.00
2016.12.07 06:28:13.148,9.13079,9.13287,1.00,1.00
2016.12.07 06:28:20.229,9.13074,9.13283,1.00,1.00
2016.12.07 06:28:20.398,9.13079,9.13287,1.00,1.00
2016.12.07 06:28:30.177,9.13102,9.13311,1.00,1.00
2016.12.07 06:28:30.328,9.13113,9.13322,1.00,1.00
2016.12.07 06:28:31.175,9.1312,9.13329,1.00,1.00
2016.12.07 06:28:31.951,9.13124,9.13333,1.00,1.00
2016.12.07 06:28:32.393,9.13119,9.13328,1.00,1.00
2016.12.07 06:28:35.176,9.13116,9.13324,1.00,1.00
2016.12.07 06:28:39.325,9.13115,9.13323,1.00,1.00
2016.12.07 06:28:40.318,9.13112,9.13321,1.00,1.00
2016.12.07 06:28:41.186,9.13118,9.13327,1.00,1.00
2016.12.07 06:28:41.523,9.13112,9.13321,1.00,1.00
2016.12.07 06:28:43.617,9.13118,9.13327,1.00,1.00
2016.12.07 06:28:44.278,9.13132,9.1335,1.00,1.00
2016.12.07 06:28:44.329,9.13133,9.13342,1.00,1.00
2016.12.07 06:28:44.886,9.1312,9.13329,1.00,1.00
2016.12.07 06:28:45.271,9.13126,9.13335,1.00,1.00
2016.12.07 06:28:45.788,9.13134,9.13343,1.00,1.00
2016.12.07 06:28:48.375,9.13138,9.13347,1.00,1.00
2016.12.07 06:28:48.793,9.13132,9.1334,1.00,1.00
2016.12.07 06:28:50.220,9.1313,9.13339,1.00,1.00
2016.12.07 06:28:50.271,9.13159,9.13368,1.00,1.00
2016.12.07 06:28:50.574,9.13162,9.13371,1.00,1.00
2016.12.07 06:28:51.271,9.1317,9.13379,1.00,1.00
2016.12.07 06:28:58.222,9.13169,9.13378,1.00,1.00
2016.12.07 06:28:59.525,9.13175,9.13384,1.00,1.00
2016.12.07 06:29:00.135,9.1317,9.13379,1.00,1.00
2016.12.07 06:29:00.575,9.13166,9.13379,1.00,1.00
2016.12.07 06:29:01.766,9.13175,9.13387,1.00,1.00
2016.12.07 06:29:02.115,9.1317,9.13382,1.00,1.00
2016.12.07 06:29:03.711,9.13196,9.13411,1.00,1.00
2016.12.07 06:29:03.762,9.13205,9.13417,1.00,1.00
2016.12.07 06:29:04.737,9.13206,9.13418,1.00,1.00
2016.12.07 06:29:05.737,9.13204,9.13416,1.00,1.00
2016.12.07 06:29:06.040,9.13199,9.13411,1.00,1.00
2016.12.07 06:29:06.891,9.13193,9.13405,1.00,1.00
2016.12.07 06:29:07.892,9.13192,9.13404,1.00,1.00
2016.12.07 06:29:08.653,9.13183,9.13395,1.00,1.00
2016.12.07 06:29:09.574,9.13202,9.13414,1.00,1.00
2016.12.07 06:29:10.038,9.13183,9.13393,1.00,1.00
2016.12.07 06:29:11.078,9.13188,9.134,1.00,1.00
2016.12.07 06:29:11.171,9.13183,9.13395,1.00,1.00
2016.12.07 06:29:11.222,9.13189,9.13402,1.00,1.00
2016.12.07 06:29:11.466,9.13204,9.13417,1.00,1.00
2016.12.07 06:29:13.252,9.13203,9.13416,1.00,1.00
2016.12.07 06:29:20.265,9.13202,9.13414,1.00,1.00
2016.12.07 06:29:21.512,9.13196,9.13406,1.00,1.00
2016.12.07 06:29:21.566,9.13201,9.13413,1.00,1.00
2016.12.07 06:29:22.498,9.13206,9.13419,1.00,1.00
2016.12.07 06:29:22.649,9.13202,9.13414,1.00,1.00
2016.12.07 06:29:22.750,9.13176,9.13397,1.00,1.00
2016.12.07 06:29:22.801,9.13147,9.13359,1.00,1.00
2016.12.07 06:29:23.104,9.13077,9.13287,1.00,1.00
2016.12.07 06:29:23.576,9.13027,9.13239,1.00,1.00
2016.12.07 06:29:23.779,9.13013,9.13226,1.00,1.00
2016.12.07 06:29:24.082,9.12989,9.13201,1.00,1.00
2016.12.07 06:29:24.335,9.12964,9.13177,1.00,1.00
2016.12.07 06:29:24.561,9.12978,9.13191,1.00,1.00
2016.12.07 06:29:24.989,9.12977,9.13189,1.00,1.00
2016.12.07 06:29:28.307,9.12973,9.13185,1.00,1.00
2016.12.07 06:29:29.710,9.12981,9.13193,1.00,1.00
2016.12.07 06:29:29.811,9.1299,9.13203,1.00,1.00
2016.12.07 06:29:30.251,9.12979,9.13191,1.00,1.00
2016.12.07 06:29:30.619,9.12995,9.13207,1.00,1.00
2016.12.07 06:29:31.254,9.12999,9.13211,1.00,1.00
2016.12.07 06:29:32.073,9.12994,9.13206,1.00,1.00
2016.12.07 06:29:32.605,9.12993,9.13205,1.00,1.00
2016.12.07 06:29:34.538,9.12988,9.132,1.00,1.00
2016.12.07 06:29:34.857,9.12995,9.13207,1.00,1.00
2016.12.07 06:29:35.179,9.12985,9.13198,1.00,1.00
2016.12.07 06:29:35.622,9.12977,9.13189,1.00,1.00
2016.12.07 06:29:37.031,9.12972,9.13184,1.00,1.00
2016.12.07 06:29:38.021,9.12972,9.13182,1.00,1.00
2016.12.07 06:29:38.373,9.12984,9.13196,1.00,1.00
2016.12.07 06:29:38.423,9.12989,9.13201,1.00,1.00
2016.12.07 06:29:43.312,9.12987,9.13199,1.00,1.00
2016.12.07 06:29:45.053,9.12989,9.13201,1.00,1.00
2016.12.07 06:29:45.822,9.12997,9.1321,1.00,1.00
2016.12.07 06:29:45.873,9.12989,9.13201,1.00,1.00
2016.12.07 06:29:46.373,9.12995,9.13207,1.00,1.00
2016.12.07 06:29:48.676,9.12989,9.13201,1.00,1.00
2016.12.07 06:29:50.078,9.12995,9.13207,1.00,1.00
2016.12.07 06:29:50.459,9.12989,9.13201,1.00,1.00
2016.12.07 06:29:50.812,9.12986,9.13198,1.00,1.00
2016.12.07 06:29:51.137,9.12974,9.13187,1.00,1.00
2016.12.07 06:29:51.238,9.12954,9.13171,1.00,1.00
2016.12.07 06:29:51.339,9.12946,9.13199,1.00,1.00
2016.12.07 06:29:52.305,9.12935,9.13188,1.00,1.00
2016.12.07 06:29:52.627,9.12908,9.13161,1.00,1.00
2016.12.07 06:29:52.958,9.12896,9.13149,1.00,1.00
2016.12.07 06:29:53.294,9.12865,9.13118,1.00,1.00
2016.12.07 06:29:53.657,9.12857,9.13087,1.00,1.00
2016.12.07 06:29:53.909,9.12833,9.13075,1.00,1.00
2016.12.07 06:29:54.111,9.12847,9.13069,1.00,1.00
2016.12.07 06:29:54.414,9.12847,9.13057,1.00,1.00
2016.12.07 06:29:54.515,9.12845,9.13058,1.00,1.00
2016.12.07 06:29:54.616,9.12867,9.13077,1.00,1.00
2016.12.07 06:29:54.667,9.12849,9.13078,1.00,1.00
2016.12.07 06:29:54.718,9.12863,9.13055,1.00,1.00
2016.12.07 06:29:54.819,9.12854,9.13055,1.50,1.00
2016.12.07 06:29:55.021,9.1287,9.1307,1.00,1.00
2016.12.07 06:29:55.123,9.12868,9.13072,1.00,1.00
2016.12.07 06:29:55.224,9.12859,9.13072,1.00,1.00
2016.12.07 06:29:55.330,9.12874,9.13072,1.50,1.00
2016.12.07 06:29:55.532,9.12863,9.13073,1.12,1.00
2016.12.07 06:29:55.734,9.12887,9.13099,1.00,1.00
2016.12.07 06:29:56.094,9.12906,9.13118,1.00,1.00
2016.12.07 06:29:56.341,9.12888,9.13101,1.00,1.00
2016.12.07 06:29:56.495,9.12878,9.13098,1.00,1.00
2016.12.07 06:29:56.546,9.12869,9.13081,1.00,1.00
2016.12.07 06:29:57.174,9.12853,9.13053,1.12,1.00
2016.12.07 06:29:57.376,9.12844,9.13055,1.00,1.00
2016.12.07 06:29:57.581,9.12853,9.13065,1.00,1.00
2016.12.07 06:29:57.783,9.12844,9.13046,1.12,1.00
2016.12.07 06:29:58.092,9.12869,9.13079,1.00,1.00
2016.12.07 06:29:58.143,9.12867,9.13079,1.00,1.00
2016.12.07 06:29:58.194,9.12887,9.13099,1.00,1.00
2016.12.07 06:29:58.740,9.12873,9.13088,1.12,1.00
2016.12.07 06:29:58.841,9.12861,9.13088,1.37,1.00
2016.12.07 06:29:58.942,9.12861,9.13088,1.00,1.00
2016.12.07 06:29:59.358,9.12872,9.13084,1.00,1.00
2016.12.07 06:29:59.849,9.12879,9.13091,1.00,1.00
2016.12.07 06:30:00.447,9.12871,9.13083,1.00,1.00
2016.12.07 06:30:00.749,9.12859,9.13071,1.00,1.00
2016.12.07 06:30:00.851,9.1287,9.13083,1.00,1.00
2016.12.07 06:30:01.681,9.1289,9.13102,1.00,1.00
2016.12.07 06:30:01.983,9.12892,9.13104,1.00,1.00
2016.12.07 06:30:02.347,9.12901,9.13113,1.00,1.00
2016.12.07 06:30:03.224,9.12902,9.13114,1.00,1.00
2016.12.07 06:30:03.905,9.12909,9.13121,1.00,1.00
2016.12.07 06:30:04.246,9.1295,9.13162,1.00,1.00
2016.12.07 06:30:04.562,9.12964,9.13176,1.00,1.00
2016.12.07 06:30:04.985,9.12977,9.13189,1.00,1.00
2016.12.07 06:30:05.292,9.12973,9.13185,1.00,1.00
2016.12.07 06:30:05.393,9.12964,9.13177,1.00,1.00
2016.12.07 06:30:05.901,9.12974,9.13186,1.00,1.00
2016.12.07 06:30:06.316,9.1298,9.13192,1.00,1.00
2016.12.07 06:30:06.860,9.12979,9.13191,1.00,1.00
2016.12.07 06:30:07.296,9.12986,9.13198,1.00,1.00
2016.12.07 06:30:08.069,9.12991,9.13204,1.00,1.00
2016.12.07 06:30:08.505,9.13039,9.13252,1.00,1.00
2016.12.07 06:30:08.807,9.13054,9.13266,1.00,1.00
2016.12.07 06:30:09.276,9.13041,9.13253,1.00,1.00
2016.12.07 06:30:10.095,9.13047,9.13259,1.00,1.00
2016.12.07 06:30:11.439,9.13041,9.13253,1.00,1.00
2016.12.07 06:30:11.982,9.13049,9.13261,1.00,1.00
2016.12.07 06:30:12.033,9.13044,9.13257,1.00,1.00
2016.12.07 06:30:13.088,9.13047,9.13259,1.00,1.00
2016.12.07 06:30:14.030,9.1305,9.13262,1.00,1.00
2016.12.07 06:30:14.742,9.13055,9.13267,1.00,1.00
2016.12.07 06:30:15.054,9.13068,9.1328,1.00,1.00
2016.12.07 06:30:15.358,9.1308,9.13292,1.00,1.00
2016.12.07 06:30:16.137,9.13081,9.13293,1.00,1.00
2016.12.07 06:30:26.358,9.13085,9.13297,1.00,1.00
2016.12.07 06:30:27.399,9.13073,9.13285,1.00,1.00
2016.12.07 06:30:28.402,9.13075,9.13288,1.00,1.00
2016.12.07 06:30:30.144,9.13077,9.13289,1.00,1.00
2016.12.07 06:30:30.646,9.13087,9.13299,1.00,1.00
2016.12.07 06:30:30.948,9.13101,9.13313,1.00,1.00
2016.12.07 06:30:31.538,9.13112,9.13322,1.00,1.00
2016.12.07 06:30:31.689,9.13106,9.13318,1.00,1.00
2016.12.07 06:30:34.994,9.13113,9.13325,1.00,1.00
2016.12.07 06:30:35.332,9.13141,9.13353,1.00,1.00
2016.12.07 06:30:35.700,9.13151,9.13363,1.00,1.00
2016.12.07 06:30:36.008,9.1312,9.13332,1.00,1.00
2016.12.07 06:30:36.338,9.13112,9.13324,1.00,1.00
2016.12.07 06:30:36.755,9.13107,9.13319,1.00,1.00
2016.12.07 06:30:38.515,9.1311,9.13319,1.00,1.00
2016.12.07 06:30:38.858,9.13118,9.13324,1.00,1.00
2016.12.07 06:30:40.192,9.13105,9.13323,1.00,1.00
2016.12.07 06:30:40.244,9.13102,9.1331,1.00,1.00
2016.12.07 06:30:40.939,9.13118,9.13326,1.00,1.00
2016.12.07 06:30:40.990,9.13106,9.13315,1.00,1.00
2016.12.07 06:30:41.967,9.13105,9.13314,1.00,1.00
2016.12.07 06:30:43.093,9.13113,9.13322,1.00,1.00
2016.12.07 06:30:45.174,9.13112,9.13321,1.00,1.00
2016.12.07 06:30:50.408,9.13131,9.1334,1.00,1.00
2016.12.07 06:30:50.790,9.1312,9.13326,1.00,1.00
2016.12.07 06:30:51.414,9.13118,9.13327,1.00,1.00
2016.12.07 06:30:58.482,9.13122,9.1333,1.00,1.00
2016.12.07 06:31:01.263,9.13111,9.1332,1.00,1.00
2016.12.07 06:31:01.365,9.13108,9.13317,1.00,1.00
2016.12.07 06:31:05.493,9.13105,9.13314,1.00,1.00
2016.12.07 06:31:28.522,9.13104,9.13313,1.00,1.00
2016.12.07 06:31:31.378,9.13109,9.13317,1.00,1.00
2016.12.07 06:31:31.429,9.13102,9.13311,1.00,1.00
2016.12.07 06:31:35.342,9.13109,9.13315,1.00,1.00
2016.12.07 06:31:36.344,9.1311,9.13319,1.00,1.00
2016.12.07 06:31:39.386,9.13109,9.13318,1.00,1.00
2016.12.07 06:31:39.452,9.13102,9.13311,1.00,1.00
2016.12.07 06:31:45.293,9.13101,9.1331,1.00,1.00
2016.12.07 06:31:51.777,9.13107,9.13315,1.00,1.00
2016.12.07 06:31:51.828,9.13116,9.13325,1.00,1.00
2016.12.07 06:31:52.016,9.13113,9.13322,1.00,1.00
2016.12.07 06:31:53.015,9.13116,9.13323,1.00,1.00
2016.12.07 06:31:53.413,9.13116,9.13333,1.00,1.00
2016.12.07 06:31:53.464,9.13112,9.13321,1.00,1.00
2016.12.07 06:31:56.057,9.13109,9.13315,1.00,1.00
2016.12.07 06:31:56.580,9.13115,9.13324,1.00,1.00
2016.12.07 06:31:58.582,9.13116,9.13325,1.00,1.00
2016.12.07 06:31:59.006,9.13111,9.1332,1.00,1.00
2016.12.07 06:31:59.364,9.13116,9.13325,1.00,1.00
2016.12.07 06:32:00.006,9.13112,9.13321,1.00,1.00
2016.12.07 06:32:05.595,9.13113,9.13322,1.00,1.00
2016.12.07 06:32:05.958,9.13122,9.1333,1.00,1.00
2016.12.07 06:32:06.110,9.13097,9.13306,1.00,1.00
2016.12.07 06:32:06.261,9.13093,9.13292,1.00,1.00
2016.12.07 06:32:07.077,9.13093,9.13285,1.00,1.00
2016.12.07 06:32:08.096,9.13093,9.13287,1.00,1.00
2016.12.07 06:32:08.695,9.13093,9.13286,1.00,1.00
2016.12.07 06:32:09.340,9.13093,9.13287,1.00,1.00
2016.12.07 06:32:09.734,9.13093,9.13305,1.50,1.00
2016.12.07 06:32:10.707,9.13093,9.13301,1.00,1.00
2016.12.07 06:32:13.267,9.13094,9.13306,1.00,1.00
2016.12.07 06:32:13.317,9.13105,9.13316,1.00,1.00
2016.12.07 06:32:15.353,9.13103,9.13314,1.00,1.00
2016.12.07 06:32:16.380,9.13123,9.13335,1.00,1.00
2016.12.07 06:32:16.431,9.13128,9.1334,1.00,1.00
2016.12.07 06:32:16.786,9.13143,9.13355,1.00,1.00
2016.12.07 06:32:17.398,9.13136,9.13348,1.00,1.00
2016.12.07 06:32:17.777,9.13127,9.13339,1.00,1.00
2016.12.07 06:32:20.626,9.13129,9.13341,1.00,1.00
2016.12.07 06:32:27.753,9.13125,9.13337,1.00,1.00
2016.12.07 06:32:28.754,9.13124,9.13336,1.00,1.00
2016.12.07 06:32:29.095,9.13124,9.13323,1.00,1.00
2016.12.07 06:32:29.202,9.13124,9.13326,1.00,1.00
2016.12.07 06:32:30.389,9.13124,9.13329,1.00,1.00
2016.12.07 06:32:32.371,9.13119,9.13324,1.00,1.00
2016.12.07 06:32:32.510,9.13126,9.13332,1.00,1.00
2016.12.07 06:32:33.337,9.13141,9.13346,1.00,1.00
2016.12.07 06:32:33.388,9.13133,9.13342,1.00,1.00
2016.12.07 06:32:34.367,9.13137,9.1334,1.00,1.00
2016.12.07 06:32:35.655,9.13133,9.13339,1.00,1.00
2016.12.07 06:32:37.374,9.13138,9.13343,1.00,1.00
2016.12.07 06:32:41.422,9.13136,9.13354,1.00,1.00
2016.12.07 06:32:41.472,9.13149,9.13354,1.00,1.00
2016.12.07 06:32:41.880,9.13158,9.13363,1.00,1.00
2016.12.07 06:32:42.436,9.13162,9.13368,1.00,1.00
2016.12.07 06:32:43.672,9.13161,9.13366,1.00,1.00
2016.12.07 06:32:57.583,9.13166,9.13372,1.00,1.00
2016.12.07 06:32:58.485,9.13172,9.13377,1.00,1.00
2016.12.07 06:32:58.631,9.13165,9.13371,1.00,1.00
2016.12.07 06:33:00.465,9.13162,9.13368,1.00,1.00
2016.12.07 06:33:03.482,9.13167,9.13373,1.00,1.00
2016.12.07 06:33:05.266,9.13162,9.13368,1.00,1.00
2016.12.07 06:33:05.696,9.13168,9.13374,1.00,1.00
2016.12.07 06:33:06.295,9.13167,9.13373,1.00,1.00
2016.12.07 06:33:10.216,9.13162,9.13368,1.00,1.00
2016.12.07 06:33:11.506,9.13158,9.13363,1.00,1.00
2016.12.07 06:33:12.679,9.1315,9.13356,1.00,1.00
2016.12.07 06:33:12.780,9.13145,9.1335,1.00,1.00
2016.12.07 06:33:13.171,9.13136,9.13341,1.00,1.00
2016.12.07 06:33:13.757,9.1313,9.13336,1.00,1.00
2016.12.07 06:33:15.532,9.13129,9.13335,1.00,1.00
2016.12.07 06:33:15.851,9.13133,9.13339,1.00,1.00
2016.12.07 06:33:20.085,9.1314,9.13345,1.00,1.00
2016.12.07 06:33:20.400,9.13158,9.13363,1.00,1.00
2016.12.07 06:33:21.106,9.13162,9.13367,1.00,1.00
2016.12.07 06:33:21.854,9.13162,9.13371,1.00,1.00
2016.12.07 06:33:29.278,9.1317,9.13379,1.00,1.00
2016.12.07 06:33:30.507,9.13173,9.13382,1.00,1.00
2016.12.07 06:33:33.522,9.13174,9.13383,1.00,1.00
2016.12.07 06:33:35.788,9.13177,9.13384,1.00,1.00
2016.12.07 06:33:42.341,9.13199,9.13408,1.00,1.00
2016.12.07 06:33:42.392,9.13206,9.13414,1.00,1.00
2016.12.07 06:33:43.380,9.13204,9.13413,1.00,1.00
2016.12.07 06:33:43.627,9.13199,9.13408,1.00,1.00
2016.12.07 06:33:43.965,9.13193,9.13402,1.00,1.00
2016.12.07 06:33:44.367,9.13199,9.13408,1.00,1.00
2016.12.07 06:33:45.391,9.13207,9.13416,1.00,1.00
2016.12.07 06:33:47.055,9.132,9.13409,1.00,1.00
2016.12.07 06:33:48.088,9.13199,9.13408,1.00,1.00
2016.12.07 06:33:48.415,9.13194,9.13403,1.00,1.00
2016.12.07 06:33:49.197,9.132,9.13409,1.00,1.00
2016.12.07 06:33:49.517,9.13204,9.13413,1.00,1.00
2016.12.07 06:34:02.939,9.13204,9.13417,1.00,1.00
2016.12.07 06:34:06.004,9.13209,9.13421,1.00,1.00
2016.12.07 06:34:12.395,9.13204,9.13417,1.00,1.00
2016.12.07 06:34:12.514,9.13212,9.13424,1.00,1.00
2016.12.07 06:34:12.847,9.13254,9.13466,1.00,1.00
2016.12.07 06:34:13.625,9.13261,9.13472,1.00,1.00
2016.12.07 06:34:15.629,9.13262,9.13474,1.00,1.00
2016.12.07 06:34:18.289,9.13256,9.13468,1.00,1.00
2016.12.07 06:34:18.938,9.13262,9.13474,1.00,1.00
2016.12.07 06:34:20.865,9.13259,9.13472,1.00,1.00
2016.12.07 06:34:21.312,9.13255,9.13467,1.00,1.00
2016.12.07 06:34:21.867,9.13259,9.13472,1.00,1.00
2016.12.07 06:34:22.145,9.13234,9.13446,1.00,1.00
2016.12.07 06:34:22.568,9.13244,9.13456,1.00,1.00
2016.12.07 06:34:22.912,9.13257,9.13469,1.00,1.00
2016.12.07 06:34:23.038,9.1324,9.13456,1.00,1.00
2016.12.07 06:34:23.089,9.13232,9.13444,1.00,1.00
2016.12.07 06:34:23.421,9.13218,9.1343,1.00,1.00
2016.12.07 06:34:24.259,9.13222,9.13435,1.00,1.00
2016.12.07 06:34:24.333,9.13217,9.13429,1.00,1.00
2016.12.07 06:34:24.517,9.13222,9.13435,1.00,1.00
2016.12.07 06:34:28.273,9.13209,9.13421,1.00,1.00
2016.12.07 06:34:28.324,9.13204,9.13417,1.00,1.00
2016.12.07 06:34:28.881,9.1321,9.13422,1.00,1.00
2016.12.07 06:34:29.211,9.13194,9.13406,1.00,1.00
2016.12.07 06:34:29.541,9.132,9.13412,1.00,1.00
2016.12.07 06:34:29.980,9.1321,9.1342,1.00,1.00
2016.12.07 06:34:30.291,9.13187,9.134,1.00,1.00
2016.12.07 06:34:30.342,9.13186,9.13398,1.00,1.00
2016.12.07 06:34:31.245,9.13179,9.13391,1.00,1.00
2016.12.07 06:34:31.903,9.13173,9.13392,1.00,1.00
2016.12.07 06:34:32.007,9.13173,9.13394,1.00,1.00
2016.12.07 06:34:32.057,9.13172,9.13384,1.00,1.00
2016.12.07 06:34:32.972,9.13177,9.13389,1.00,1.00
2016.12.07 06:34:46.276,9.13182,9.13395,1.00,1.00
2016.12.07 06:34:46.473,9.13176,9.13388,1.00,1.00
2016.12.07 06:34:46.850,9.13171,9.13383,1.00,1.00
2016.12.07 06:34:47.029,9.1318,9.13393,1.00,1.00
2016.12.07 06:34:48.856,9.13184,9.13393,1.00,1.00
2016.12.07 06:34:58.942,9.13183,9.13391,1.00,1.00
2016.12.07 06:35:00.683,9.13184,9.13393,1.00,1.00
2016.12.07 06:35:01.507,9.13175,9.13384,1.00,1.00
2016.12.07 06:35:04.548,9.13184,9.13393,1.00,1.00
2016.12.07 06:35:06.591,9.1318,9.13388,1.00,1.00
2016.12.07 06:35:08.374,9.13185,9.13394,1.00,1.00
2016.12.07 06:35:08.534,9.13178,9.13387,1.00,1.00
2016.12.07 06:35:08.866,9.13185,9.13394,1.00,1.00
2016.12.07 06:35:09.534,9.13181,9.13389,1.00,1.00
2016.12.07 06:35:09.585,9.13173,9.13382,1.00,1.00
2016.12.07 06:35:09.819,9.13185,9.13394,1.00,1.00
2016.12.07 06:35:10.273,9.13182,9.1339,1.00,1.00
2016.12.07 06:35:12.453,9.13175,9.13382,1.00,1.00
2016.12.07 06:35:12.780,9.13184,9.1339,1.00,1.00
2016.12.07 06:35:16.090,9.13186,9.13393,1.00,1.00
2016.12.07 06:35:16.141,9.13172,9.13381,1.00,1.00
2016.12.07 06:35:16.213,9.13185,9.13394,1.00,1.00
2016.12.07 06:35:16.554,9.13201,9.1341,1.00,1.00
2016.12.07 06:35:16.921,9.13198,9.13407,1.00,1.00
2016.12.07 06:35:17.302,9.13206,9.13415,1.00,1.00
2016.12.07 06:35:17.772,9.13199,9.13408,1.00,1.00
2016.12.07 06:35:18.098,9.13205,9.13414,1.00,1.00
2016.12.07 06:35:18.773,9.13212,9.13421,1.00,1.00
2016.12.07 06:35:20.617,9.13206,9.13415,1.00,1.00
2016.12.07 06:35:20.969,9.13211,9.1342,1.00,1.00
2016.12.07 06:35:21.298,9.13204,9.13413,1.00,1.00
2016.12.07 06:35:21.633,9.1319,9.13398,1.00,1.00
2016.12.07 06:35:21.748,9.13199,9.13408,1.00,1.00
2016.12.07 06:35:21.875,9.13208,9.13417,1.00,1.00
2016.12.07 06:35:22.261,9.13201,9.1341,1.00,1.00
2016.12.07 06:35:22.565,9.1319,9.13398,1.00,1.00
2016.12.07 06:35:23.506,9.13192,9.13401,1.00,1.00
2016.12.07 06:35:27.101,9.13199,9.13408,1.00,1.00
2016.12.07 06:35:27.358,9.13196,9.13413,1.00,1.00
2016.12.07 06:35:27.408,9.13206,9.13415,1.00,1.00
2016.12.07 06:35:28.867,9.13198,9.13407,1.00,1.00
2016.12.07 06:35:30.745,9.132,9.13409,1.00,1.00
2016.12.07 06:35:31.105,9.13205,9.13413,1.00,1.00
2016.12.07 06:35:31.156,9.13199,9.13408,1.00,1.00
2016.12.07 06:35:31.207,9.13209,9.13418,1.00,1.00
2016.12.07 06:35:31.676,9.1322,9.13428,1.00,1.00
2016.12.07 06:35:32.290,9.13214,9.13421,1.00,1.00
2016.12.07 06:35:32.889,9.13219,9.13426,1.00,1.00
2016.12.07 06:35:36.016,9.13216,9.13425,1.00,1.00
2016.12.07 06:35:36.067,9.13211,9.1342,1.00,1.00
2016.12.07 06:35:42.489,9.13233,9.13442,1.00,1.00
2016.12.07 06:35:42.791,9.13239,9.13447,1.00,1.00
2016.12.07 06:35:45.773,9.13241,9.13449,1.00,1.00
2016.12.07 06:35:47.295,9.13231,9.1344,1.00,1.00
2016.12.07 06:35:47.345,9.13213,9.13422,1.00,1.00
2016.12.07 06:35:48.033,9.13219,9.13428,1.00,1.00
2016.12.07 06:35:48.411,9.13214,9.13423,1.00,1.00
2016.12.07 06:35:58.626,9.13214,9.13432,1.00,1.00
2016.12.07 06:35:58.677,9.13235,9.13444,1.00,1.00
2016.12.07 06:35:59.641,9.13232,9.13439,1.00,1.00
2016.12.07 06:36:00.061,9.1323,9.13439,1.00,1.00
2016.12.07 06:36:00.293,9.13211,9.13432,1.00,1.00
2016.12.07 06:36:00.344,9.13212,9.13421,1.00,1.00
2016.12.07 06:36:00.671,9.13197,9.13406,1.00,1.00
2016.12.07 06:36:01.425,9.13197,9.13404,1.00,1.00
2016.12.07 06:36:01.560,9.13213,9.13422,1.00,1.00
2016.12.07 06:36:01.611,9.13216,9.13425,1.00,1.00
2016.12.07 06:36:01.712,9.13205,9.13445,1.00,1.00
2016.12.07 06:36:01.863,9.13204,9.13466,1.00,1.00
2016.12.07 06:36:02.262,9.13251,9.13465,1.00,1.00
2016.12.07 06:36:02.578,9.13259,9.13473,1.00,1.00
2016.12.07 06:36:05.154,9.13267,9.13481,1.00,1.00
2016.12.07 06:36:05.482,9.13261,9.13475,1.00,1.00
2016.12.07 06:36:06.347,9.13261,9.13472,1.00,1.00
2016.12.07 06:36:06.461,9.13269,9.13489,1.00,1.00
2016.12.07 06:36:06.512,9.13271,9.13482,1.00,1.00
2016.12.07 06:36:06.836,9.13269,9.13489,1.00,1.00
2016.12.07 06:36:06.887,9.13269,9.13478,1.00,1.00
2016.12.07 06:36:07.512,9.13263,9.13473,1.00,1.00
2016.12.07 06:36:08.515,9.13263,9.13475,1.00,1.00
2016.12.07 06:36:11.912,9.13257,9.13469,1.00,1.00
2016.12.07 06:36:12.309,9.13261,9.13473,1.00,1.00
2016.12.07 06:36:13.019,9.13257,9.13469,1.00,1.00
2016.12.07 06:36:13.513,9.13264,9.13476,1.00,1.00
2016.12.07 06:36:14.085,9.13269,9.13489,1.00,1.00
2016.12.07 06:36:14.186,9.13264,9.13476,1.00,1.00
2016.12.07 06:36:15.088,9.1326,9.13472,1.00,1.00
2016.12.07 06:36:15.525,9.13264,9.13476,1.00,1.00
2016.12.07 06:36:18.811,9.13289,9.13501,1.00,1.00
2016.12.07 06:36:19.147,9.13274,9.13486,1.00,1.00
2016.12.07 06:36:19.466,9.1326,9.13472,1.00,1.00
2016.12.07 06:36:20.154,9.13259,9.1347,1.00,1.00
2016.12.07 06:36:22.847,9.13262,9.13471,1.00,1.00
2016.12.07 06:36:23.211,9.1325,9.13458,1.00,1.00
2016.12.07 06:36:23.516,9.13238,9.13446,1.00,1.00
2016.12.07 06:36:23.849,9.13247,9.13456,1.00,1.00
2016.12.07 06:36:24.331,9.13239,9.13447,1.00,1.00
2016.12.07 06:36:24.391,9.13245,9.13454,1.00,1.00
2016.12.07 06:36:25.393,9.13247,9.13456,1.00,1.00
2016.12.07 06:36:26.106,9.13259,9.13468,1.00,1.00
2016.12.07 06:36:26.431,9.13239,9.13447,1.00,1.00
2016.12.07 06:36:27.140,9.13244,9.13451,1.00,1.00
2016.12.07 06:36:29.122,9.13247,9.13456,1.00,1.00
2016.12.07 06:36:29.480,9.13253,9.13462,1.00,1.00
2016.12.07 06:36:29.847,9.13248,9.13457,1.00,1.00
2016.12.07 06:36:30.207,9.13255,9.13464,1.00,1.00
2016.12.07 06:36:30.563,9.13251,9.1346,1.00,1.00
2016.12.07 06:36:30.885,9.13244,9.13453,1.00,1.00
2016.12.07 06:36:31.210,9.1325,9.13458,1.00,1.00
2016.12.07 06:36:31.568,9.13242,9.13451,1.00,1.00
2016.12.07 06:36:31.871,9.13249,9.13458,1.00,1.00
2016.12.07 06:36:32.211,9.13241,9.1345,1.00,1.00
2016.12.07 06:36:32.543,9.13248,9.13457,1.00,1.00
2016.12.07 06:36:32.872,9.13241,9.1345,1.00,1.00
2016.12.07 06:36:33.252,9.13248,9.13457,1.00,1.00
2016.12.07 06:36:33.688,9.13241,9.1345,1.00,1.00
2016.12.07 06:36:33.992,9.13249,9.13458,1.00,1.00
2016.12.07 06:36:34.440,9.13241,9.1345,1.00,1.00
2016.12.07 06:36:35.085,9.1325,9.13457,1.00,1.00
2016.12.07 06:36:35.411,9.13241,9.1345,1.00,1.00
2016.12.07 06:36:35.563,9.1325,9.13457,1.00,1.00
2016.12.07 06:36:35.697,9.13241,9.1345,1.00,1.00
2016.12.07 06:36:36.074,9.13254,9.13463,1.00,1.00
2016.12.07 06:36:36.552,9.13244,9.13453,1.00,1.00
2016.12.07 06:36:36.877,9.13268,9.13475,1.00,1.00
2016.12.07 06:36:37.740,9.1327,9.13479,1.00,1.00
2016.12.07 06:36:38.744,9.13269,9.13476,1.00,1.00
2016.12.07 06:36:39.143,9.13271,9.13477,1.00,1.00
2016.12.07 06:36:42.089,9.13265,9.13471,1.00,1.00
2016.12.07 06:36:42.444,9.13253,9.13458,1.00,1.00
2016.12.07 06:36:43.155,9.13254,9.1346,1.00,1.00
2016.12.07 06:36:44.152,9.13257,9.1346,1.00,1.00
2016.12.07 06:36:44.474,9.13249,9.13455,1.00,1.00
2016.12.07 06:36:45.859,9.1324,9.13445,1.00,1.00
2016.12.07 06:36:46.468,9.13245,9.1345,1.00,1.00
2016.12.07 06:36:46.848,9.13258,9.13463,1.00,1.00
2016.12.07 06:36:48.560,9.13254,9.13458,1.00,1.00
2016.12.07 06:36:51.509,9.1326,9.13465,1.00,1.00
2016.12.07 06:36:51.560,9.13267,9.13473,1.00,1.00
2016.12.07 06:36:51.768,9.13256,9.13461,1.00,1.00
2016.12.07 06:36:51.855,9.13248,9.13454,1.00,1.00
2016.12.07 06:36:52.525,9.13254,9.1346,1.00,1.00
2016.12.07 06:36:52.831,9.13252,9.13458,1.00,1.00
2016.12.07 06:36:53.832,9.13254,9.13459,1.00,1.00
2016.12.07 06:36:56.547,9.13247,9.13453,1.00,1.00
2016.12.07 06:36:56.648,9.13243,9.13448,1.00,1.00
2016.12.07 06:36:58.979,9.13242,9.13447,1.00,1.00
2016.12.07 06:36:59.390,9.13194,9.13399,1.00,1.00
2016.12.07 06:36:59.660,9.13195,9.13424,1.00,1.00
2016.12.07 06:36:59.929,9.13194,9.134,1.00,1.00
2016.12.07 06:37:00.329,9.13176,9.13381,1.00,1.00
2016.12.07 06:37:01.090,9.13175,9.1338,1.00,1.00
2016.12.07 06:37:01.764,9.13172,9.1338,1.00,1.00
2016.12.07 06:37:02.545,9.13176,9.13385,1.00,1.00
2016.12.07 06:37:02.667,9.13181,9.1339,1.00,1.00
2016.12.07 06:37:03.036,9.13175,9.13384,1.00,1.00
2016.12.07 06:37:03.985,9.13181,9.1339,1.00,1.00
2016.12.07 06:37:04.356,9.13183,9.1339,1.00,1.00
2016.12.07 06:37:04.998,9.13186,9.13395,1.00,1.00
2016.12.07 06:37:09.711,9.13182,9.13391,1.00,1.00
2016.12.07 06:37:10.092,9.13191,9.134,1.00,1.00
2016.12.07 06:37:10.722,9.13186,9.13395,1.00,1.00
2016.12.07 06:37:11.258,9.13185,9.13394,1.00,1.00
2016.12.07 06:37:12.131,9.13195,9.13404,1.00,1.00
2016.12.07 06:37:14.308,9.13231,9.1344,1.00,1.00
2016.12.07 06:37:14.611,9.13249,9.13458,1.00,1.00
2016.12.07 06:37:15.386,9.13244,9.13453,1.00,1.00
2016.12.07 06:37:15.697,9.13257,9.13463,1.00,1.00
2016.12.07 06:37:16.628,9.13249,9.13458,1.00,1.00
2016.12.07 06:37:16.679,9.13257,9.13466,1.00,1.00
2016.12.07 06:37:16.861,9.13242,9.13513,1.00,1.00
2016.12.07 06:37:16.912,9.13346,9.13514,1.00,1.00
2016.12.07 06:37:16.963,9.13346,9.13555,1.00,1.00
2016.12.07 06:37:17.114,9.13373,9.13581,1.00,1.00
2016.12.07 06:37:18.079,9.13373,9.13582,1.00,1.00
2016.12.07 06:37:21.078,9.1338,9.13589,1.00,1.00
2016.12.07 06:37:21.419,9.1339,9.13598,1.00,1.00
2016.12.07 06:37:21.855,9.13386,9.13595,1.00,1.00
2016.12.07 06:37:24.456,9.13392,9.13601,1.00,1.00
2016.12.07 06:37:24.827,9.13402,9.13611,1.00,1.00
2016.12.07 06:37:25.456,9.13407,9.13616,1.00,1.00
2016.12.07 06:37:25.819,9.13402,9.13611,1.00,1.00
2016.12.07 06:37:29.242,9.13403,9.13612,1.00,1.00
2016.12.07 06:37:32.716,9.13409,9.13617,1.00,1.00
2016.12.07 06:37:32.767,9.13414,9.13623,1.00,1.00
2016.12.07 06:37:32.817,9.13434,9.13643,1.00,1.00
2016.12.07 06:37:33.329,9.13443,9.13652,1.00,1.00
2016.12.07 06:37:33.731,9.13437,9.13646,1.00,1.00
2016.12.07 06:37:34.072,9.13432,9.1364,1.00,1.00
2016.12.07 06:37:36.255,9.13434,9.13641,1.00,1.00
2016.12.07 06:37:44.272,9.13437,9.13646,1.00,1.00
2016.12.07 06:37:45.002,9.13444,9.13653,1.00,1.00
2016.12.07 06:37:46.013,9.13448,9.13657,1.00,1.00
2016.12.07 06:37:46.615,9.13443,9.13652,1.00,1.00
2016.12.07 06:37:47.034,9.13441,9.1365,1.00,1.00
2016.12.07 06:37:53.698,9.13447,9.13656,1.00,1.00
2016.12.07 06:37:54.088,9.13487,9.13696,1.00,1.00
2016.12.07 06:37:54.714,9.13482,9.13691,1.00,1.00
2016.12.07 06:37:55.065,9.13489,9.13697,1.00,1.00
2016.12.07 06:37:55.216,9.13483,9.13692,1.00,1.00
2016.12.07 06:37:55.325,9.13491,9.137,1.00,1.00
2016.12.07 06:37:56.278,9.13487,9.13696,1.00,1.00
2016.12.07 06:37:56.844,9.13493,9.13702,1.00,1.00
2016.12.07 06:37:57.180,9.13506,9.13714,1.00,1.00
2016.12.07 06:37:57.281,9.13512,9.13721,1.00,1.00
2016.12.07 06:37:57.892,9.13516,9.13725,1.00,1.00
2016.12.07 06:37:58.344,9.13521,9.1373,1.00,1.00
2016.12.07 06:37:59.383,9.13524,9.13733,1.00,1.00
2016.12.07 06:38:04.789,9.13531,9.1374,1.00,1.00
2016.12.07 06:38:06.327,9.13528,9.13737,1.00,1.00
2016.12.07 06:38:10.404,9.13524,9.13733,1.00,1.00
2016.12.07 06:38:10.736,9.13517,9.13726,1.00,1.00
2016.12.07 06:38:13.395,9.13526,9.13734,1.00,1.00
2016.12.07 06:38:13.446,9.13521,9.1373,1.00,1.00
2016.12.07 06:38:14.106,9.13531,9.1374,1.00,1.00
2016.12.07 06:38:20.114,9.13528,9.13735,1.00,1.00
2016.12.07 06:38:20.222,9.13549,9.13758,1.00,1.00
2016.12.07 06:38:20.323,9.13563,9.13771,1.00,1.00
2016.12.07 06:38:21.121,9.13573,9.13781,1.00,1.00
2016.12.07 06:38:22.193,9.13567,9.13776,1.00,1.00
2016.12.07 06:38:22.289,9.13573,9.13781,1.00,1.00
2016.12.07 06:38:26.494,9.13567,9.13776,1.00,1.00
2016.12.07 06:38:26.545,9.13574,9.13783,1.00,1.00
2016.12.07 06:38:26.948,9.13567,9.13776,1.00,1.00
2016.12.07 06:38:27.505,9.13571,9.1378,1.00,1.00
2016.12.07 06:38:29.363,9.13573,9.13781,1.00,1.00
2016.12.07 06:38:30.449,9.13567,9.13776,1.00,1.00
2016.12.07 06:38:30.610,9.13573,9.13781,1.00,1.00
2016.12.07 06:38:30.764,9.13567,9.13776,1.00,1.00
2016.12.07 06:38:31.448,9.13573,9.13781,1.00,1.00
2016.12.07 06:38:36.376,9.13572,9.13779,1.00,1.00
2016.12.07 06:38:37.576,9.13587,9.13795,1.00,1.00
2016.12.07 06:38:37.627,9.13555,9.13764,1.00,1.00
2016.12.07 06:38:37.781,9.13544,9.13753,1.00,1.00
2016.12.07 06:38:40.403,9.13535,9.13744,1.00,1.00
2016.12.07 06:38:44.392,9.13538,9.13747,1.00,1.00
2016.12.07 06:38:45.402,9.13541,9.13749,1.00,1.00
2016.12.07 06:38:46.395,9.13539,9.13748,1.00,1.00
2016.12.07 06:38:50.207,9.13533,9.13742,1.00,1.00
2016.12.07 06:38:50.550,9.13541,9.13749,1.00,1.00
2016.12.07 06:38:53.115,9.13545,9.13754,1.00,1.00
2016.12.07 06:38:54.907,9.13541,9.13749,1.00,1.00
2016.12.07 06:38:55.018,9.13531,9.1374,1.00,1.00
2016.12.07 06:38:55.117,9.13541,9.13749,1.00,1.00
2016.12.07 06:38:56.428,9.13534,9.13743,1.00,1.00
2016.12.07 06:38:56.542,9.13541,9.13749,1.00,1.00
2016.12.07 06:38:57.429,9.13546,9.13753,1.00,1.00
2016.12.07 06:38:59.309,9.13531,9.1374,1.00,1.00
2016.12.07 06:38:59.525,9.13541,9.13749,1.00,1.00
2016.12.07 06:39:00.099,9.13531,9.1374,1.00,1.00
2016.12.07 06:39:00.313,9.13536,9.13745,1.00,1.00
2016.12.07 06:39:01.165,9.13541,9.13749,1.00,1.00
2016.12.07 06:39:04.668,9.1353,9.13739,1.00,1.00
2016.12.07 06:39:04.834,9.13536,9.13743,1.00,1.00
2016.12.07 06:39:14.475,9.13539,9.13748,1.00,1.00
2016.12.07 06:39:15.579,9.13541,9.13749,1.00,1.00
2016.12.07 06:39:15.650,9.13535,9.13744,1.00,1.00
2016.12.07 06:39:15.701,9.1353,9.13739,1.00,1.00
2016.12.07 06:39:16.532,9.13536,9.13745,1.00,1.00
2016.12.07 06:39:21.304,9.13545,9.13752,1.00,1.00
2016.12.07 06:39:26.411,9.13541,9.13752,1.00,1.00
2016.12.07 06:39:26.678,9.13536,9.13748,1.00,1.00
2016.12.07 06:39:29.482,9.13537,9.13749,1.00,1.00
2016.12.07 06:39:33.461,9.13543,9.13754,1.00,1.00
2016.12.07 06:39:33.512,9.13549,9.13761,1.00,1.00
2016.12.07 06:39:33.764,9.13557,9.1377,1.00,1.00
2016.12.07 06:39:33.815,9.13544,9.13759,1.00,1.00
2016.12.07 06:39:34.403,9.13563,9.13776,1.00,1.00
2016.12.07 06:39:34.926,9.13569,9.13781,1.00,1.00
2016.12.07 06:39:36.495,9.13565,9.13776,1.00,1.00
2016.12.07 06:39:44.511,9.13562,9.13774,1.00,1.00
2016.12.07 06:39:51.525,9.13566,9.13779,1.00,1.00
2016.12.07 06:39:59.551,9.13563,9.13776,1.00,1.00
2016.12.07 06:40:06.817,9.13569,9.13781,1.00,1.00
2016.12.07 06:40:09.201,9.13563,9.13773,1.00,1.00
2016.12.07 06:40:09.354,9.13568,9.1378,1.00,1.00
2016.12.07 06:40:09.628,9.13562,9.13774,1.00,1.00
2016.12.07 06:40:10.354,9.13567,9.13777,1.00,1.00
2016.12.07 06:40:12.298,9.13562,9.13774,1.00,1.00
2016.12.07 06:40:12.531,9.13566,9.13779,1.00,1.00
2016.12.07 06:40:12.581,9.13558,9.1377,1.00,1.00
2016.12.07 06:40:13.117,9.13565,9.13777,1.00,1.00
2016.12.07 06:40:13.499,9.13553,9.13766,1.00,1.00
2016.12.07 06:40:13.750,9.13561,9.13773,1.00,1.00
2016.12.07 06:40:13.901,9.13553,9.13766,1.00,1.00
2016.12.07 06:40:13.952,9.13562,9.13774,1.00,1.00
2016.12.07 06:40:14.688,9.13569,9.13781,1.00,1.00
2016.12.07 06:40:14.950,9.13572,9.13785,1.00,1.00
2016.12.07 06:40:15.000,9.13584,9.13796,1.00,1.00
2016.12.07 06:40:15.383,9.13573,9.13783,1.00,1.00
2016.12.07 06:40:15.714,9.13563,9.13776,1.00,1.00
2016.12.07 06:40:16.016,9.13569,9.13781,1.00,1.00
2016.12.07 06:40:16.576,9.13566,9.13778,1.00,1.00
2016.12.07 06:40:19.071,9.1357,9.13782,1.00,1.00
2016.12.07 06:40:19.122,9.13579,9.13792,1.00,1.00
2016.12.07 06:40:19.172,9.13586,9.13798,1.00,1.00
2016.12.07 06:40:19.273,9.13571,9.13814,1.00,1.00
2016.12.07 06:40:19.324,9.13571,9.13794,1.00,1.00
2016.12.07 06:40:19.374,9.13572,9.13807,1.00,1.00
2016.12.07 06:40:19.425,9.13571,9.13787,1.00,1.00
2016.12.07 06:40:20.399,9.13568,9.13781,1.00,1.00
2016.12.07 06:40:21.586,9.13571,9.1379,1.00,1.00
2016.12.07 06:40:21.637,9.1358,9.13792,1.00,1.00
2016.12.07 06:40:21.989,9.13608,9.1382,1.00,1.00
2016.12.07 06:40:23.361,9.13606,9.13819,1.00,1.00
2016.12.07 06:40:25.342,9.13602,9.13814,1.00,1.00
2016.12.07 06:40:25.950,9.13611,9.13823,1.00,1.00
2016.12.07 06:40:26.295,9.13602,9.13814,1.00,1.00
2016.12.07 06:40:26.597,9.13613,9.13825,1.00,1.00
2016.12.07 06:40:29.520,9.13601,9.13813,1.00,1.00
2016.12.07 06:40:29.873,9.13607,9.1382,1.00,1.00
2016.12.07 06:40:29.975,9.13601,9.13813,1.00,1.00
2016.12.07 06:40:30.025,9.13608,9.13821,1.00,1.00
2016.12.07 06:40:30.952,9.13613,9.13825,1.00,1.00
2016.12.07 06:40:31.283,9.13602,9.1385,1.00,1.00
2016.12.07 06:40:31.333,9.13628,9.13866,1.00,1.00
2016.12.07 06:40:31.435,9.13628,9.13901,1.00,1.00
2016.12.07 06:40:31.536,9.13628,9.13884,1.00,1.00
2016.12.07 06:40:32.364,9.13624,9.13837,1.00,1.00
2016.12.07 06:40:32.769,9.13607,9.13817,1.00,1.00
2016.12.07 06:40:33.659,9.13602,9.13814,1.00,1.00
2016.12.07 06:40:33.922,9.13616,9.13828,1.00,1.00
2016.12.07 06:40:34.448,9.13606,9.13818,1.00,1.00
2016.12.07 06:40:34.857,9.13615,9.13828,1.00,1.00
2016.12.07 06:40:34.959,9.1361,9.1382,1.00,1.00
2016.12.07 06:40:35.448,9.13615,9.13828,1.00,1.00
2016.12.07 06:40:38.359,9.13613,9.13825,1.00,1.00
2016.12.07 06:40:42.999,9.13606,9.13818,1.00,1.00
2016.12.07 06:40:43.444,9.13612,9.13824,1.00,1.00
2016.12.07 06:40:43.774,9.13606,9.13818,1.00,1.00
2016.12.07 06:40:44.105,9.13612,9.13824,1.00,1.00
