2016.12.07 07:00:00.260,9.13273,9.13617,1.00,1.00
2016.12.07 07:00:02.977,9.13274,9.13617,1.00,1.00
2016.12.07 07:00:03.229,9.13274,9.13612,1.00,1.00
2016.12.07 07:00:03.601,9.13274,9.13578,1.00,1.00
2016.12.07 07:00:04.234,9.13274,9.13537,1.00,1.00
2016.12.07 07:00:04.428,9.13273,9.13557,1.00,1.00
2016.12.07 07:00:04.479,9.13273,9.13601,1.00,1.00
2016.12.07 07:00:05.019,9.13274,9.13601,1.00,1.00
2016.12.07 07:00:05.830,9.13273,9.13616,1.00,1.00
2016.12.07 07:00:05.987,9.13273,9.13619,1.00,1.00
2016.12.07 07:00:06.212,9.13273,9.13626,1.00,1.00
2016.12.07 07:00:06.314,9.13273,9.1364,1.00,1.37
2016.12.07 07:00:06.415,9.13323,9.1364,1.00,1.37
2016.12.07 07:00:06.831,9.13323,9.1364,1.00,1.00
2016.12.07 07:00:09.200,9.13323,9.13613,1.00,1.00
2016.12.07 07:00:10.167,9.13324,9.13613,1.00,1.00
2016.12.07 07:00:10.684,9.13323,9.13613,1.00,1.00
2016.12.07 07:00:12.151,9.13323,9.13655,1.00,1.75
2016.12.07 07:00:12.206,9.13371,9.13614,1.00,1.00
2016.12.07 07:00:12.256,9.13324,9.13637,1.00,1.00
2016.12.07 07:00:12.307,9.13324,9.13634,1.00,1.00
2016.12.07 07:00:12.665,9.13367,9.1358,1.00,1.00
2016.12.07 07:00:12.800,9.13384,9.13613,1.00,1.00
2016.12.07 07:00:13.720,9.13383,9.13608,1.00,1.00
2016.12.07 07:00:14.433,9.13386,9.13614,1.00,1.00
2016.12.07 07:00:14.632,9.13396,9.13615,1.00,1.00
2016.12.07 07:00:14.683,9.13384,9.13613,1.00,1.00
2016.12.07 07:00:16.661,9.13386,9.13611,1.00,1.00
2016.12.07 07:00:17.002,9.13457,9.13609,1.00,1.00
2016.12.07 07:00:20.423,9.13452,9.13604,1.00,1.00
2016.12.07 07:00:22.067,9.13445,9.13597,1.00,1.00
2016.12.07 07:00:22.118,9.13426,9.13579,1.00,1.00
2016.12.07 07:00:22.367,9.1342,9.13572,1.00,1.00
2016.12.07 07:00:22.537,9.13423,9.13584,1.00,1.00
2016.12.07 07:00:22.588,9.13423,9.13576,1.00,1.00
2016.12.07 07:00:23.413,9.13431,9.13594,1.00,1.00
2016.12.07 07:00:23.930,9.13425,9.13588,1.00,1.00
2016.12.07 07:00:24.273,9.13449,9.13592,1.00,1.00
2016.12.07 07:00:25.113,9.13452,9.13597,1.00,1.00
2016.12.07 07:00:26.108,9.13455,9.13595,1.00,1.00
2016.12.07 07:00:29.778,9.13453,9.13605,1.00,1.00
2016.12.07 07:00:29.931,9.13464,9.13603,1.00,1.00
2016.12.07 07:00:30.237,9.13457,9.13596,1.00,1.00
2016.12.07 07:00:30.446,9.13458,9.136,1.00,1.00
2016.12.07 07:00:30.571,9.13446,9.13572,1.00,1.00
2016.12.07 07:00:30.874,9.13461,9.13587,1.00,1.00
2016.12.07 07:00:31.222,9.13471,9.13581,1.00,1.00
2016.12.07 07:00:31.272,9.13448,9.13587,1.00,1.00
2016.12.07 07:00:31.373,9.13467,9.13615,1.00,1.00
2016.12.07 07:00:31.424,9.13447,9.13583,1.00,1.00
2016.12.07 07:00:31.574,9.13466,9.13611,1.00,1.00
2016.12.07 07:00:32.242,9.13455,9.13594,1.00,1.00
2016.12.07 07:00:33.744,9.13453,9.13592,1.00,1.00
2016.12.07 07:00:34.477,9.13443,9.13588,1.00,1.00
2016.12.07 07:00:35.136,9.13449,9.13591,1.00,1.00
2016.12.07 07:00:36.215,9.13445,9.13584,1.00,1.00
2016.12.07 07:00:36.663,9.13449,9.13591,1.00,1.00
2016.12.07 07:00:38.142,9.13438,9.13578,1.00,1.00
2016.12.07 07:00:38.294,9.13425,9.13569,1.00,1.00
2016.12.07 07:00:38.395,9.13425,9.13582,1.00,1.00
2016.12.07 07:00:39.128,9.13429,9.13574,1.00,1.00
2016.12.07 07:00:40.757,9.13429,9.13573,1.00,1.00
2016.12.07 07:00:41.174,9.13437,9.13579,1.00,1.00
2016.12.07 07:00:41.325,9.13429,9.13575,1.00,1.00
2016.12.07 07:00:41.504,9.13427,9.13566,1.00,1.00
2016.12.07 07:00:42.467,9.13425,9.13564,1.00,1.00
2016.12.07 07:00:42.951,9.13425,9.13575,1.00,1.00
2016.12.07 07:00:43.103,9.1342,9.13571,1.00,1.00
2016.12.07 07:00:43.154,9.13429,9.13573,1.00,1.00
2016.12.07 07:00:44.865,9.13431,9.13571,1.00,1.00
2016.12.07 07:00:47.032,9.13433,9.13571,1.00,1.00
2016.12.07 07:00:48.773,9.13431,9.13571,1.00,1.00
2016.12.07 07:00:48.925,9.13437,9.13582,1.00,1.00
2016.12.07 07:00:52.574,9.13442,9.13596,1.00,1.00
2016.12.07 07:00:53.013,9.13463,9.13596,1.00,1.00
2016.12.07 07:00:53.316,9.13497,9.13619,1.00,1.00
2016.12.07 07:00:53.639,9.13492,9.13609,1.00,1.00
2016.12.07 07:00:53.690,9.13456,9.1359,1.00,1.00
2016.12.07 07:00:53.843,9.13449,9.13568,1.00,1.00
2016.12.07 07:00:54.002,9.13482,9.13629,1.00,1.00
2016.12.07 07:00:54.053,9.13511,9.1365,1.00,1.00
2016.12.07 07:00:54.104,9.13486,9.13657,1.00,1.00
2016.12.07 07:00:54.154,9.13521,9.13647,1.00,1.00
2016.12.07 07:00:54.722,9.13538,9.13661,1.00,1.00
2016.12.07 07:00:55.036,9.13559,9.13678,1.00,1.00
2016.12.07 07:00:55.395,9.13554,9.13673,1.00,1.00
2016.12.07 07:00:56.088,9.13547,9.13666,1.00,1.00
2016.12.07 07:00:56.345,9.1353,9.13654,1.00,1.00
2016.12.07 07:00:56.497,9.13545,9.13664,1.00,1.00
2016.12.07 07:00:57.463,9.13542,9.13661,1.00,1.00
2016.12.07 07:00:57.513,9.1353,9.13656,1.00,1.00
2016.12.07 07:00:57.564,9.1353,9.13649,1.00,1.00
2016.12.07 07:00:58.068,9.13521,9.1364,1.00,1.00
2016.12.07 07:00:58.487,9.13531,9.1365,1.00,1.00
2016.12.07 07:00:58.538,9.1352,9.13641,1.00,1.00
2016.12.07 07:00:59.081,9.13531,9.1365,1.00,1.00
2016.12.07 07:00:59.729,9.1351,9.13634,1.00,1.00
2016.12.07 07:00:59.780,9.13515,9.13637,1.00,1.00
2016.12.07 07:01:00.134,9.13526,9.13645,1.00,1.00
2016.12.07 07:01:00.786,9.13532,9.13651,1.00,1.00
2016.12.07 07:01:00.927,9.1352,9.13641,1.00,1.00
2016.12.07 07:01:01.250,9.13532,9.13651,1.00,1.00
2016.12.07 07:01:02.148,9.1352,9.13641,1.00,1.00
2016.12.07 07:01:02.467,9.13532,9.13651,1.00,1.00
2016.12.07 07:01:03.361,9.1352,9.13641,1.00,1.00
2016.12.07 07:01:03.462,9.13531,9.1365,1.00,1.00
2016.12.07 07:01:03.512,9.1352,9.13641,1.00,1.00
2016.12.07 07:01:03.721,9.13532,9.13651,1.00,1.00
2016.12.07 07:01:04.575,9.13521,9.1364,1.00,1.00
2016.12.07 07:01:04.900,9.13532,9.13651,1.00,1.00
2016.12.07 07:01:05.743,9.13521,9.1364,1.00,1.00
2016.12.07 07:01:05.794,9.13499,9.1362,1.00,1.00
2016.12.07 07:01:05.945,9.13486,9.13611,1.00,1.00
2016.12.07 07:01:06.147,9.135,9.1362,1.00,1.00
2016.12.07 07:01:06.938,9.13493,9.13615,1.00,1.00
2016.12.07 07:01:06.989,9.13502,9.13621,1.00,1.60
2016.12.07 07:01:07.040,9.13478,9.13606,1.00,1.00
2016.12.07 07:01:07.141,9.13478,9.136,1.00,1.00
2016.12.07 07:01:07.257,9.1349,9.13615,1.00,1.00
2016.12.07 07:01:07.307,9.13477,9.13599,1.00,1.00
2016.12.07 07:01:07.933,9.13449,9.13603,1.00,1.00
2016.12.07 07:01:08.085,9.13428,9.13575,1.00,1.00
2016.12.07 07:01:08.389,9.13426,9.13559,1.00,1.00
2016.12.07 07:01:08.440,9.13443,9.13577,1.00,1.00
2016.12.07 07:01:08.541,9.13459,9.13581,1.00,1.00
2016.12.07 07:01:08.862,9.1348,9.13599,1.00,1.00
2016.12.07 07:01:09.262,9.1349,9.13609,1.00,1.00
2016.12.07 07:01:09.571,9.13486,9.13605,1.00,1.00
2016.12.07 07:01:11.715,9.13491,9.1361,1.00,1.00
2016.12.07 07:01:12.018,9.135,9.13619,1.00,1.00
2016.12.07 07:01:12.591,9.13491,9.1361,1.00,1.00
2016.12.07 07:01:12.933,9.13495,9.13614,1.00,1.00
2016.12.07 07:01:16.513,9.13491,9.1361,1.00,1.00
2016.12.07 07:01:22.149,9.13486,9.13605,1.00,1.00
2016.12.07 07:01:22.458,9.13469,9.13588,1.00,1.00
2016.12.07 07:01:23.320,9.13467,9.13587,1.00,1.00
2016.12.07 07:01:23.824,9.13483,9.136,1.00,1.00
2016.12.07 07:01:23.875,9.13465,9.13585,1.00,1.00
2016.12.07 07:01:24.740,9.13478,9.13597,1.00,1.00
2016.12.07 07:01:25.743,9.13473,9.1359,1.00,1.00
2016.12.07 07:01:25.872,9.13495,9.13614,1.00,1.00
2016.12.07 07:01:25.973,9.13459,9.13582,1.00,1.00
2016.12.07 07:01:26.227,9.13457,9.13584,1.00,1.00
2016.12.07 07:01:26.712,9.13445,9.13565,1.00,1.00
2016.12.07 07:01:27.014,9.13435,9.13554,1.00,1.00
2016.12.07 07:01:27.355,9.13422,9.13541,1.00,1.00
2016.12.07 07:01:28.582,9.13436,9.13553,1.00,1.00
2016.12.07 07:01:32.150,9.13448,9.13598,1.00,1.37
2016.12.07 07:01:32.207,9.13487,9.13606,1.00,1.00
2016.12.07 07:01:32.563,9.13505,9.13625,1.00,1.00
2016.12.07 07:01:33.140,9.13515,9.13636,1.00,1.60
2016.12.07 07:01:33.519,9.13523,9.13642,1.00,1.60
2016.12.07 07:01:33.826,9.13531,9.13648,1.00,1.60
2016.12.07 07:01:35.559,9.1354,9.13659,1.00,1.60
2016.12.07 07:01:35.660,9.13522,9.1367,1.00,1.60
2016.12.07 07:01:35.761,9.13544,9.13669,1.00,1.60
2016.12.07 07:01:36.213,9.13544,9.13669,1.00,1.00
2016.12.07 07:01:36.264,9.13575,9.13696,1.00,1.00
2016.12.07 07:01:36.416,9.13584,9.13711,1.00,1.00
2016.12.07 07:01:37.859,9.13542,9.13709,1.00,1.00
2016.12.07 07:01:38.598,9.13543,9.13708,1.00,1.00
2016.12.07 07:01:38.818,9.13544,9.13714,1.00,1.00
2016.12.07 07:01:38.969,9.1354,9.1369,1.00,1.00
2016.12.07 07:01:39.757,9.13545,9.13712,1.00,1.00
2016.12.07 07:01:39.820,9.13543,9.13706,1.00,1.00
2016.12.07 07:01:40.182,9.13552,9.1371,1.00,1.00
2016.12.07 07:01:40.774,9.13587,9.13706,1.00,1.00
2016.12.07 07:01:41.293,9.13596,9.13715,1.00,1.00
2016.12.07 07:01:43.270,9.13599,9.13718,1.00,1.00
2016.12.07 07:01:43.804,9.136,9.13717,1.00,1.00
2016.12.07 07:01:44.273,9.13593,9.13712,1.00,1.00
2016.12.07 07:01:46.944,9.13556,9.13716,1.00,1.00
2016.12.07 07:01:47.983,9.13554,9.13713,1.00,1.00
2016.12.07 07:01:48.358,9.13555,9.13726,1.00,1.00
2016.12.07 07:01:48.801,9.13554,9.13715,1.00,1.00
2016.12.07 07:01:50.171,9.13558,9.13717,1.00,1.00
2016.12.07 07:01:50.325,9.1356,9.13729,1.00,1.35
2016.12.07 07:01:50.623,9.13558,9.13717,1.00,1.00
2016.12.07 07:01:51.006,9.13595,9.13722,1.00,1.00
2016.12.07 07:01:51.679,9.13602,9.13727,1.00,1.00
2016.12.07 07:01:51.831,9.1356,9.13719,1.00,1.00
2016.12.07 07:01:52.543,9.13567,9.13728,1.00,1.00
2016.12.07 07:01:53.696,9.13565,9.13718,1.00,1.00
2016.12.07 07:01:54.011,9.13569,9.13725,1.00,1.00
2016.12.07 07:01:54.541,9.13585,9.13749,1.00,1.60
2016.12.07 07:01:54.844,9.13603,9.13775,1.00,1.60
2016.12.07 07:01:55.609,9.13602,9.13766,1.00,1.60
2016.12.07 07:01:55.803,9.136,9.13757,1.00,1.60
2016.12.07 07:01:56.757,9.13602,9.13757,1.00,1.60
2016.12.07 07:01:58.493,9.13607,9.13726,1.00,1.00
2016.12.07 07:01:58.594,9.13591,9.13724,1.00,1.00
2016.12.07 07:01:58.787,9.13608,9.13752,1.00,1.60
2016.12.07 07:01:58.838,9.136,9.13734,1.00,1.60
2016.12.07 07:02:00.487,9.13589,9.13723,1.00,1.00
2016.12.07 07:02:00.589,9.13582,9.13722,1.00,1.00
2016.12.07 07:02:02.202,9.13585,9.13719,1.00,1.00
2016.12.07 07:02:02.695,9.13578,9.13717,1.00,1.00
2016.12.07 07:02:03.273,9.13582,9.13722,1.00,1.00
2016.12.07 07:02:05.457,9.13589,9.13723,1.00,1.00
2016.12.07 07:02:05.765,9.13614,9.13752,1.00,1.60
2016.12.07 07:02:05.816,9.13602,9.13743,1.00,1.60
2016.12.07 07:02:05.917,9.13611,9.13745,1.00,1.60
2016.12.07 07:02:06.927,9.13613,9.13746,1.00,1.60
2016.12.07 07:02:07.388,9.13618,9.13752,1.00,1.60
2016.12.07 07:02:07.933,9.13614,9.13748,1.00,1.60
2016.12.07 07:02:08.317,9.13607,9.13741,1.00,1.60
2016.12.07 07:02:09.072,9.13606,9.13741,1.00,1.60
2016.12.07 07:02:09.172,9.13612,9.13752,1.00,1.60
2016.12.07 07:02:09.375,9.13644,9.13781,1.00,1.00
2016.12.07 07:02:09.526,9.13662,9.13781,1.00,1.00
2016.12.07 07:02:10.014,9.13647,9.138,1.00,1.00
2016.12.07 07:02:10.335,9.1366,9.13804,1.00,1.00
2016.12.07 07:02:10.744,9.13652,9.13795,1.00,1.00
2016.12.07 07:02:11.321,9.13651,9.13791,1.00,1.00
2016.12.07 07:02:11.640,9.13657,9.13797,1.00,1.00
2016.12.07 07:02:12.633,9.13644,9.13784,1.00,1.00
2016.12.07 07:02:13.005,9.13651,9.13791,1.00,1.00
2016.12.07 07:02:15.274,9.13656,9.13795,1.00,1.00
2016.12.07 07:02:15.785,9.13663,9.13783,1.00,1.00
2016.12.07 07:02:16.027,9.13659,9.13798,1.00,1.00
2016.12.07 07:02:16.139,9.13644,9.13784,1.00,1.00
2016.12.07 07:02:16.291,9.13648,9.13789,1.00,1.00
2016.12.07 07:02:16.392,9.13656,9.13795,1.00,1.00
2016.12.07 07:02:17.119,9.13664,9.13781,1.00,1.00
2016.12.07 07:02:17.278,9.1367,9.13789,1.00,1.00
2016.12.07 07:02:17.407,9.13659,9.13778,1.00,1.00
2016.12.07 07:02:17.509,9.13658,9.13795,1.00,1.00
2016.12.07 07:02:18.040,9.13667,9.13787,1.00,1.00
2016.12.07 07:02:18.091,9.13651,9.1379,1.00,1.00
2016.12.07 07:02:18.260,9.13666,9.13786,1.00,1.00
2016.12.07 07:02:19.092,9.13672,9.13792,1.00,1.00
2016.12.07 07:02:19.235,9.13669,9.13806,1.00,1.00
2016.12.07 07:02:19.286,9.13677,9.13796,1.00,1.00
2016.12.07 07:02:19.462,9.1367,9.1381,1.00,1.00
2016.12.07 07:02:19.574,9.13669,9.13788,1.00,1.00
2016.12.07 07:02:20.086,9.13678,9.13797,1.00,1.00
2016.12.07 07:02:20.137,9.13667,9.13797,1.00,1.00
2016.12.07 07:02:20.187,9.13684,9.13802,1.00,1.00
2016.12.07 07:02:20.289,9.1368,9.13813,1.00,1.00
2016.12.07 07:02:20.390,9.13692,9.13811,1.00,1.00
2016.12.07 07:02:20.928,9.13691,9.13824,1.00,1.00
2016.12.07 07:02:21.134,9.13696,9.13815,1.00,1.00
2016.12.07 07:02:21.437,9.13699,9.13824,1.00,1.00
2016.12.07 07:02:21.748,9.13694,9.13813,1.00,1.00
2016.12.07 07:02:22.151,9.13699,9.13824,1.00,1.00
2016.12.07 07:02:22.404,9.13691,9.13824,1.00,1.00
2016.12.07 07:02:22.455,9.13691,9.13814,1.00,1.00
2016.12.07 07:02:23.101,9.13701,9.13814,1.00,1.00
2016.12.07 07:02:23.202,9.13691,9.13814,1.00,1.00
2016.12.07 07:02:23.404,9.13691,9.13799,1.00,1.00
2016.12.07 07:02:24.157,9.13694,9.13804,1.00,1.00
2016.12.07 07:02:25.257,9.137,9.1381,1.00,1.00
2016.12.07 07:02:25.503,9.13722,9.13833,1.00,1.00
2016.12.07 07:02:27.708,9.13717,9.13827,1.00,1.00
2016.12.07 07:02:28.092,9.13721,9.13831,1.00,1.00
2016.12.07 07:02:28.570,9.13703,9.13813,1.00,1.00
2016.12.07 07:02:29.075,9.13704,9.13814,1.00,1.00
2016.12.07 07:02:29.582,9.13714,9.13824,1.00,1.00
2016.12.07 07:02:29.633,9.13701,9.13821,1.00,1.00
2016.12.07 07:02:29.734,9.13715,9.13825,1.00,1.00
2016.12.07 07:02:30.037,9.13734,9.13844,1.00,1.00
2016.12.07 07:02:30.525,9.13718,9.13826,1.00,1.00
2016.12.07 07:02:31.114,9.13722,9.13834,1.00,1.00
2016.12.07 07:02:31.270,9.13725,9.13839,1.00,1.00
2016.12.07 07:02:31.631,9.1373,9.13842,1.00,1.00
2016.12.07 07:02:32.117,9.13736,9.13846,1.00,1.00
2016.12.07 07:02:32.534,9.13727,9.13835,1.00,1.00
2016.12.07 07:02:33.098,9.13731,9.13839,1.00,1.00
2016.12.07 07:02:33.613,9.13732,9.1384,1.00,1.00
2016.12.07 07:02:33.781,9.13741,9.13851,1.00,1.35
2016.12.07 07:02:33.933,9.13756,9.13867,1.00,1.60
2016.12.07 07:02:34.436,9.1373,9.13842,1.00,1.00
2016.12.07 07:02:34.868,9.13742,9.13854,1.00,1.60
2016.12.07 07:02:37.011,9.13752,9.13862,1.00,1.60
2016.12.07 07:02:37.513,9.1376,9.1387,1.00,1.60
2016.12.07 07:02:37.564,9.1375,9.13861,1.00,1.60
2016.12.07 07:02:37.866,9.13759,9.13867,1.00,1.60
2016.12.07 07:02:38.653,9.13764,9.13874,1.00,1.60
2016.12.07 07:02:38.956,9.13756,9.13871,1.00,1.60
2016.12.07 07:02:39.140,9.13767,9.13877,1.00,1.60
2016.12.07 07:02:39.397,9.13788,9.139,1.00,1.00
2016.12.07 07:02:39.556,9.13803,9.13913,1.00,1.00
2016.12.07 07:02:39.960,9.13789,9.13902,1.00,1.00
2016.12.07 07:02:40.106,9.13798,9.13908,1.00,1.00
2016.12.07 07:02:40.417,9.13772,9.13882,1.00,1.00
2016.12.07 07:02:41.046,9.1378,9.1389,1.00,1.00
2016.12.07 07:02:41.515,9.13784,9.13895,1.00,1.00
2016.12.07 07:02:41.642,9.13799,9.13914,1.00,1.00
2016.12.07 07:02:42.528,9.13805,9.13916,1.00,1.00
2016.12.07 07:02:44.219,9.13812,9.13922,1.00,1.00
2016.12.07 07:02:44.270,9.13801,9.1392,1.00,1.00
2016.12.07 07:02:44.444,9.13814,9.13924,1.00,1.00
2016.12.07 07:02:44.495,9.13803,9.13924,1.00,1.00
2016.12.07 07:02:45.209,9.1381,9.1392,1.00,1.00
2016.12.07 07:02:45.525,9.13805,9.13915,1.00,1.00
2016.12.07 07:02:45.855,9.13778,9.13887,1.00,1.00
2016.12.07 07:02:46.632,9.13785,9.13895,1.00,1.00
2016.12.07 07:02:46.683,9.13795,9.13905,1.00,1.00
2016.12.07 07:02:47.231,9.13805,9.13915,1.00,1.00
2016.12.07 07:02:47.332,9.13795,9.13914,1.00,1.00
2016.12.07 07:02:47.433,9.13809,9.13917,1.00,1.00
2016.12.07 07:02:49.372,9.13803,9.13913,1.00,1.00
2016.12.07 07:02:49.473,9.13797,9.13905,1.00,1.00
2016.12.07 07:02:49.524,9.13789,9.13899,1.00,1.00
2016.12.07 07:02:50.412,9.13794,9.13904,1.00,1.00
2016.12.07 07:02:53.212,9.1379,9.13898,1.00,1.00
2016.12.07 07:02:54.308,9.13788,9.13898,1.00,1.00
2016.12.07 07:02:54.907,9.13778,9.13888,1.00,1.00
2016.12.07 07:02:54.958,9.1377,9.13881,1.00,1.00
2016.12.07 07:02:55.009,9.13762,9.13872,1.00,1.00
2016.12.07 07:02:55.211,9.13738,9.13849,1.00,1.00
2016.12.07 07:02:56.068,9.13742,9.13852,1.00,1.00
2016.12.07 07:02:57.782,9.13737,9.13847,1.00,1.00
2016.12.07 07:02:57.834,9.13732,9.13843,1.00,1.00
2016.12.07 07:02:58.038,9.13726,9.13837,1.00,1.00
2016.12.07 07:02:58.463,9.13734,9.13844,1.00,1.00
2016.12.07 07:02:58.880,9.13712,9.13822,1.00,1.00
2016.12.07 07:02:59.589,9.13715,9.13826,1.00,1.00
2016.12.07 07:03:02.301,9.13716,9.13827,1.00,1.00
2016.12.07 07:03:11.434,9.13704,9.13823,1.00,1.00
2016.12.07 07:03:11.665,9.13681,9.13789,1.00,1.00
2016.12.07 07:03:11.716,9.13663,9.13773,1.00,1.00
2016.12.07 07:03:12.562,9.13657,9.13775,1.00,1.00
2016.12.07 07:03:12.759,9.13654,9.13764,1.00,1.00
2016.12.07 07:03:15.744,9.13655,9.13774,1.00,1.00
2016.12.07 07:03:15.945,9.13657,9.13767,1.00,1.00
2016.12.07 07:03:17.381,9.13659,9.13769,1.00,1.00
2016.12.07 07:03:19.074,9.13657,9.13769,1.00,1.00
2016.12.07 07:03:22.833,9.13684,9.13822,1.00,1.00
2016.12.07 07:03:22.934,9.13699,9.13831,1.00,1.00
2016.12.07 07:03:23.338,9.13703,9.13819,1.00,1.00
2016.12.07 07:03:23.590,9.13681,9.1385,1.00,1.00
2016.12.07 07:03:23.641,9.13717,9.13855,1.00,1.00
2016.12.07 07:03:23.944,9.13736,9.13858,1.00,1.00
2016.12.07 07:03:24.246,9.1375,9.13866,1.00,1.00
2016.12.07 07:03:24.347,9.13748,9.13892,1.00,1.00
2016.12.07 07:03:24.449,9.13769,9.13893,1.00,1.00
2016.12.07 07:03:24.600,9.13784,9.13931,1.00,1.00
2016.12.07 07:03:24.701,9.13803,9.13928,1.00,1.00
2016.12.07 07:03:24.803,9.1381,9.13958,1.00,1.00
2016.12.07 07:03:24.870,9.13785,9.13957,1.00,1.00
2016.12.07 07:03:25.072,9.13814,9.13932,1.00,1.00
2016.12.07 07:03:25.606,9.13823,9.13945,1.00,1.00
2016.12.07 07:03:25.798,9.13833,9.13963,1.00,1.00
2016.12.07 07:03:26.082,9.13835,9.13962,1.00,1.00
2016.12.07 07:03:27.541,9.13847,9.13983,1.00,1.00
2016.12.07 07:03:27.823,9.13861,9.13975,1.00,1.00
2016.12.07 07:03:27.874,9.13874,9.14011,1.00,1.00
2016.12.07 07:03:28.083,9.13887,9.14005,1.00,1.00
2016.12.07 07:03:28.688,9.13902,9.14016,1.00,1.00
2016.12.07 07:03:29.405,9.13907,9.14021,1.00,1.00
2016.12.07 07:03:29.707,9.13913,9.14023,1.00,1.00
2016.12.07 07:03:29.758,9.13923,9.14034,1.00,1.00
2016.12.07 07:03:29.910,9.13921,9.14051,1.00,1.00
2016.12.07 07:03:30.012,9.13916,9.14045,1.00,1.00
2016.12.07 07:03:30.360,9.13915,9.14025,1.00,1.00
2016.12.07 07:03:30.993,9.1391,9.1402,1.00,1.00
2016.12.07 07:03:31.988,9.13908,9.14017,1.00,1.00
2016.12.07 07:03:33.463,9.13911,9.14025,1.00,1.00
2016.12.07 07:03:34.420,9.13914,9.14024,1.00,1.00
2016.12.07 07:03:39.375,9.13914,9.14025,1.00,1.00
2016.12.07 07:03:39.426,9.13901,9.14027,1.00,1.00
2016.12.07 07:03:41.164,9.13915,9.14025,1.00,1.00
2016.12.07 07:03:46.357,9.13872,9.13986,1.00,1.00
2016.12.07 07:03:46.407,9.13863,9.13974,1.00,1.00
2016.12.07 07:03:47.326,9.13858,9.13979,1.00,1.00
2016.12.07 07:03:47.874,9.13854,9.13965,1.00,1.00
2016.12.07 07:03:50.286,9.13836,9.13947,1.00,1.00
2016.12.07 07:03:50.402,9.13824,9.13941,1.00,1.00
2016.12.07 07:03:51.275,9.13822,9.13933,1.00,1.00
2016.12.07 07:03:52.566,9.13804,9.13915,1.00,1.00
2016.12.07 07:03:52.818,9.13811,9.13923,1.00,1.00
2016.12.07 07:03:52.869,9.1382,9.13937,1.00,1.00
2016.12.07 07:03:52.920,9.13814,9.13925,1.00,1.00
2016.12.07 07:03:53.798,9.13821,9.13932,1.00,1.00
2016.12.07 07:03:54.831,9.13822,9.13932,1.00,1.00
2016.12.07 07:03:55.134,9.13812,9.13922,1.00,1.00
2016.12.07 07:03:55.836,9.13817,9.13927,1.00,1.00
2016.12.07 07:03:56.167,9.13811,9.13919,1.00,1.00
2016.12.07 07:03:56.275,9.13818,9.13928,1.00,1.00
2016.12.07 07:03:56.569,9.1381,9.1392,1.00,1.00
2016.12.07 07:04:01.311,9.13815,9.13924,1.00,1.00
2016.12.07 07:04:01.462,9.13808,9.13918,1.00,1.00
2016.12.07 07:04:01.615,9.13801,9.13911,1.00,1.00
2016.12.07 07:04:01.937,9.13791,9.13901,1.00,1.00
2016.12.07 07:04:01.988,9.13782,9.13893,1.00,1.00
2016.12.07 07:04:02.981,9.13781,9.13892,1.00,1.00
2016.12.07 07:04:04.091,9.13792,9.13902,1.00,1.00
2016.12.07 07:04:04.142,9.13792,9.13904,1.00,1.00
2016.12.07 07:04:05.103,9.13788,9.13898,1.00,1.00
2016.12.07 07:04:05.204,9.13795,9.13908,1.00,1.00
2016.12.07 07:04:05.436,9.13789,9.13899,1.00,1.00
2016.12.07 07:04:06.621,9.13796,9.13906,1.00,1.00
2016.12.07 07:04:06.672,9.13788,9.13906,1.00,1.00
2016.12.07 07:04:06.722,9.13793,9.13903,1.00,1.00
2016.12.07 07:04:07.158,9.13785,9.13895,1.00,1.00
2016.12.07 07:04:07.644,9.1379,9.139,1.00,1.00
2016.12.07 07:04:08.284,9.13784,9.13893,1.00,1.00
2016.12.07 07:04:08.334,9.1379,9.139,1.00,1.00
2016.12.07 07:04:08.594,9.13783,9.13894,1.00,1.00
2016.12.07 07:04:08.645,9.1379,9.139,1.00,1.00
2016.12.07 07:04:09.635,9.13791,9.13901,1.00,1.00
2016.12.07 07:04:11.070,9.13785,9.13895,1.00,1.00
2016.12.07 07:04:11.455,9.13779,9.13889,1.00,1.00
2016.12.07 07:04:12.042,9.1378,9.13896,1.00,1.00
2016.12.07 07:04:12.227,9.13778,9.13888,1.00,1.00
2016.12.07 07:04:13.644,9.1378,9.13896,1.00,1.00
2016.12.07 07:04:13.929,9.13778,9.13888,1.00,1.00
2016.12.07 07:04:18.174,9.1377,9.1388,1.00,1.00
2016.12.07 07:04:18.275,9.13757,9.13868,1.00,1.00
2016.12.07 07:04:18.335,9.13747,9.13857,1.00,1.00
2016.12.07 07:04:19.344,9.13744,9.13854,1.00,1.00
2016.12.07 07:04:20.363,9.13752,9.13863,1.00,1.00
2016.12.07 07:04:21.195,9.13774,9.13882,1.00,1.00
2016.12.07 07:04:21.806,9.13791,9.13901,1.00,1.00
2016.12.07 07:04:21.856,9.13785,9.13895,1.00,1.00
2016.12.07 07:04:22.407,9.13778,9.13888,1.00,1.00
2016.12.07 07:04:22.849,9.13774,9.13884,1.00,1.00
2016.12.07 07:04:24.465,9.13768,9.13877,1.00,1.00
2016.12.07 07:04:26.206,9.13766,9.13876,1.00,1.00
2016.12.07 07:04:30.253,9.13763,9.13874,1.00,1.00
2016.12.07 07:04:32.481,9.13766,9.13876,1.00,1.00
2016.12.07 07:04:32.816,9.13773,9.13883,1.00,1.00
2016.12.07 07:04:33.007,9.13794,9.13905,1.00,1.00
2016.12.07 07:04:33.109,9.13801,9.13911,1.00,1.00
2016.12.07 07:04:33.449,9.13793,9.13903,1.00,1.00
2016.12.07 07:04:34.142,9.1379,9.13902,1.00,1.00
2016.12.07 07:04:34.695,9.13795,9.13906,1.00,1.00
2016.12.07 07:04:34.798,9.13813,9.13927,1.00,1.00
2016.12.07 07:04:34.848,9.13822,9.13932,1.00,1.00
2016.12.07 07:04:35.152,9.13869,9.13979,1.00,1.00
2016.12.07 07:04:35.518,9.13856,9.13966,1.00,1.00
2016.12.07 07:04:35.569,9.13827,9.13969,1.00,1.00
2016.12.07 07:04:35.620,9.1387,9.1398,1.00,1.00
2016.12.07 07:04:36.546,9.13874,9.13984,1.00,1.00
2016.12.07 07:04:36.953,9.1387,9.1398,1.00,1.00
2016.12.07 07:04:37.247,9.13834,9.13976,1.00,1.00
2016.12.07 07:04:37.577,9.1387,9.1398,1.00,1.00
2016.12.07 07:04:37.809,9.13835,9.13976,1.00,1.00
2016.12.07 07:04:37.860,9.1387,9.1398,1.00,1.00
2016.12.07 07:04:37.969,9.13835,9.13976,1.00,1.00
2016.12.07 07:04:38.925,9.1387,9.1398,1.00,1.00
2016.12.07 07:04:39.395,9.13836,9.13975,1.00,1.00
2016.12.07 07:04:39.929,9.1387,9.1398,1.00,1.00
2016.12.07 07:04:39.980,9.13837,9.13975,1.00,1.00
2016.12.07 07:04:40.031,9.13871,9.13979,1.00,1.00
2016.12.07 07:04:40.082,9.13837,9.13975,1.00,1.00
2016.12.07 07:04:40.174,9.1387,9.1398,1.00,1.00
2016.12.07 07:04:40.253,9.13844,9.13982,1.00,1.00
2016.12.07 07:04:40.304,9.13876,9.13987,1.00,1.00
2016.12.07 07:04:40.927,9.13844,9.13981,1.00,1.00
2016.12.07 07:04:40.978,9.13876,9.13987,1.00,1.00
2016.12.07 07:04:41.159,9.13845,9.13981,1.00,1.00
2016.12.07 07:04:41.260,9.13876,9.13987,1.00,1.00
2016.12.07 07:04:41.311,9.13845,9.13981,1.00,1.00
2016.12.07 07:04:41.476,9.13876,9.13987,1.00,1.00
2016.12.07 07:04:41.527,9.13845,9.13981,1.00,1.00
2016.12.07 07:04:41.929,9.13876,9.13987,1.00,1.00
2016.12.07 07:04:41.980,9.13847,9.1399,1.00,1.00
2016.12.07 07:04:43.080,9.13842,9.13984,1.00,1.00
2016.12.07 07:04:47.549,9.13841,9.13983,1.00,1.00
2016.12.07 07:04:49.673,9.13837,9.13979,1.00,1.00
2016.12.07 07:04:50.006,9.13842,9.13984,1.00,1.00
2016.12.07 07:04:52.854,9.13835,9.13978,1.00,1.00
2016.12.07 07:04:53.395,9.13841,9.13983,1.00,1.00
2016.12.07 07:04:54.525,9.13851,9.13982,1.00,1.00
2016.12.07 07:04:54.987,9.13853,9.13984,1.00,1.00
2016.12.07 07:04:56.266,9.13854,9.13984,1.00,1.00
2016.12.07 07:04:56.857,9.13859,9.13989,1.00,1.00
2016.12.07 07:04:59.599,9.13852,9.13982,1.00,1.00
2016.12.07 07:05:01.076,9.13862,9.13972,1.00,1.00
2016.12.07 07:05:01.186,9.13856,9.13984,1.00,1.00
2016.12.07 07:05:02.542,9.13853,9.13982,1.00,1.00
2016.12.07 07:05:03.973,9.1386,9.13988,1.00,1.00
2016.12.07 07:05:04.309,9.13885,9.14013,1.00,1.00
2016.12.07 07:05:04.360,9.1387,9.14013,1.00,1.00
2016.12.07 07:05:04.411,9.13886,9.14015,1.00,1.00
2016.12.07 07:05:04.462,9.13892,9.14029,1.00,1.00
2016.12.07 07:05:05.262,9.13882,9.14011,1.00,1.00
2016.12.07 07:05:05.565,9.13869,9.13995,1.00,1.00
2016.12.07 07:05:06.502,9.13863,9.13992,1.00,1.00
2016.12.07 07:05:06.705,9.13844,9.13972,1.00,1.00
2016.12.07 07:05:07.373,9.13838,9.13982,1.00,1.00
2016.12.07 07:05:07.423,9.13896,9.14025,1.00,1.00
2016.12.07 07:05:07.524,9.13925,9.14055,1.00,1.00
2016.12.07 07:05:08.380,9.13932,9.14062,1.00,1.00
2016.12.07 07:05:08.777,9.13928,9.14058,1.00,1.00
2016.12.07 07:05:09.087,9.13924,9.14053,1.00,1.00
2016.12.07 07:05:09.468,9.13895,9.14025,1.00,1.00
2016.12.07 07:05:09.519,9.13885,9.14014,1.00,1.00
2016.12.07 07:05:10.430,9.13886,9.14009,1.00,1.00
2016.12.07 07:05:10.835,9.13883,9.14005,1.00,1.00
2016.12.07 07:05:11.686,9.13886,9.14007,1.00,1.00
2016.12.07 07:05:14.164,9.13883,9.14006,1.00,1.00
2016.12.07 07:05:14.401,9.13871,9.13994,1.00,1.00
2016.12.07 07:05:14.452,9.13849,9.13973,1.00,1.00
2016.12.07 07:05:16.954,9.13844,9.13968,1.00,1.00
2016.12.07 07:05:20.946,9.13857,9.13967,1.00,1.00
2016.12.07 07:05:21.575,9.13838,9.13954,1.00,1.00
2016.12.07 07:05:21.625,9.13823,9.13933,1.00,1.00
2016.12.07 07:05:21.827,9.13812,9.13923,1.00,1.00
2016.12.07 07:05:24.618,9.13805,9.13926,1.00,1.00
2016.12.07 07:05:26.327,9.13805,9.13925,1.00,1.00
2016.12.07 07:05:32.628,9.13802,9.13922,1.00,1.00
2016.12.07 07:05:34.344,9.13802,9.1392,1.00,1.00
2016.12.07 07:05:34.589,9.13797,9.13917,1.00,1.00
2016.12.07 07:05:34.691,9.13771,9.13891,1.00,1.00
2016.12.07 07:05:35.647,9.13766,9.13886,1.00,1.00
2016.12.07 07:05:37.805,9.1377,9.1389,1.00,1.00
2016.12.07 07:05:38.766,9.13821,9.13941,1.00,1.00
2016.12.07 07:05:38.918,9.13819,9.13944,1.00,1.00
2016.12.07 07:05:39.287,9.13842,9.13962,1.00,1.00
2016.12.07 07:05:39.389,9.13857,9.13978,1.00,1.00
2016.12.07 07:05:39.778,9.13858,9.13968,1.00,1.00
2016.12.07 07:05:41.357,9.13866,9.13974,1.00,1.00
2016.12.07 07:05:41.408,9.13855,9.13965,1.00,1.00
2016.12.07 07:05:41.595,9.13865,9.13974,1.00,1.00
2016.12.07 07:05:42.408,9.13855,9.13965,1.00,1.00
2016.12.07 07:05:42.566,9.13855,9.13973,1.00,1.00
2016.12.07 07:05:42.616,9.13865,9.13983,1.00,1.00
2016.12.07 07:05:42.983,9.13861,9.13971,1.00,1.00
2016.12.07 07:05:43.470,9.13853,9.13969,1.00,1.00
2016.12.07 07:05:43.621,9.13863,9.13979,1.00,1.00
2016.12.07 07:05:44.414,9.13853,9.13969,1.00,1.00
2016.12.07 07:05:44.752,9.13863,9.13979,1.00,1.00
2016.12.07 07:05:45.279,9.13899,9.14009,1.00,1.00
2016.12.07 07:05:45.469,9.13913,9.14024,1.00,1.00
2016.12.07 07:05:45.621,9.13905,9.14013,1.00,1.00
2016.12.07 07:05:46.239,9.13911,9.14025,1.00,1.00
2016.12.07 07:05:46.372,9.13902,9.14016,1.00,1.00
2016.12.07 07:05:46.769,9.13911,9.14025,1.00,1.00
2016.12.07 07:05:47.378,9.13902,9.14016,1.00,1.00
2016.12.07 07:05:47.763,9.13911,9.14025,1.00,1.00
2016.12.07 07:05:48.376,9.13903,9.14013,1.00,1.00
2016.12.07 07:05:48.766,9.13912,9.14022,1.00,1.00
2016.12.07 07:05:49.067,9.13923,9.14033,1.00,1.00
2016.12.07 07:05:49.405,9.13945,9.14055,1.00,1.00
2016.12.07 07:05:53.321,9.13935,9.14045,1.00,1.00
2016.12.07 07:05:53.372,9.1393,9.14041,1.00,1.00
2016.12.07 07:05:53.673,9.13938,9.14048,1.00,1.00
2016.12.07 07:05:54.704,9.1394,9.14051,1.00,1.00
2016.12.07 07:05:55.966,9.1393,9.1404,1.00,1.00
2016.12.07 07:05:56.924,9.13931,9.14041,1.00,1.00
2016.12.07 07:05:57.532,9.13936,9.14044,1.00,1.00
2016.12.07 07:05:58.014,9.13931,9.14041,1.00,1.00
2016.12.07 07:05:59.284,9.13922,9.14032,1.00,1.00
2016.12.07 07:06:01.822,9.13922,9.14052,1.00,1.00
2016.12.07 07:06:01.873,9.13941,9.14074,1.00,1.00
2016.12.07 07:06:01.924,9.13994,9.14104,1.00,1.00
2016.12.07 07:06:02.228,9.14018,9.14128,1.00,1.00
2016.12.07 07:06:02.857,9.14028,9.14139,1.00,1.00
2016.12.07 07:06:02.907,9.14054,9.14164,1.00,1.00
2016.12.07 07:06:03.008,9.14066,9.14181,1.00,1.00
2016.12.07 07:06:03.211,9.14059,9.14169,1.00,1.00
2016.12.07 07:06:03.262,9.14068,9.1418,1.00,1.00
2016.12.07 07:06:03.716,9.14056,9.14166,1.00,1.00
2016.12.07 07:06:03.766,9.14043,9.14161,1.00,1.00
2016.12.07 07:06:03.867,9.1402,9.1413,1.00,1.00
2016.12.07 07:06:04.218,9.13995,9.14105,1.00,1.00
2016.12.07 07:06:04.268,9.13996,9.14118,1.00,1.00
2016.12.07 07:06:04.319,9.14015,9.1413,1.00,1.00
2016.12.07 07:06:05.066,9.14006,9.1412,1.00,1.00
2016.12.07 07:06:05.413,9.14015,9.14126,1.00,1.00
2016.12.07 07:06:06.340,9.14038,9.14148,1.00,1.00
2016.12.07 07:06:06.391,9.14047,9.14158,1.00,1.00
2016.12.07 07:06:06.593,9.14058,9.14166,1.00,1.00
2016.12.07 07:06:07.341,9.1405,9.1416,1.00,1.00
2016.12.07 07:06:11.417,9.14048,9.14158,1.00,1.00
2016.12.07 07:06:12.429,9.14053,9.14164,1.00,1.00
2016.12.07 07:06:12.480,9.14049,9.14157,1.00,1.00
2016.12.07 07:06:12.589,9.14041,9.14151,1.00,1.00
2016.12.07 07:06:13.381,9.14035,9.14146,1.00,1.00
2016.12.07 07:06:16.981,9.14031,9.14141,1.00,1.00
2016.12.07 07:06:17.564,9.14024,9.14134,1.00,1.00
2016.12.07 07:06:17.615,9.14028,9.14139,1.00,1.00
2016.12.07 07:06:17.817,9.14018,9.14128,1.00,1.00
2016.12.07 07:06:17.918,9.14035,9.14148,1.00,1.00
2016.12.07 07:06:18.578,9.14031,9.14141,1.00,1.00
2016.12.07 07:06:18.921,9.14027,9.14135,1.00,1.00
2016.12.07 07:06:19.804,9.14025,9.14135,1.00,1.00
2016.12.07 07:06:20.669,9.14033,9.14149,1.00,1.00
2016.12.07 07:06:20.720,9.14028,9.14138,1.00,1.00
2016.12.07 07:06:20.821,9.14032,9.14144,1.00,1.00
2016.12.07 07:06:21.987,9.14018,9.14128,1.00,1.00
2016.12.07 07:06:22.275,9.14021,9.14132,1.00,1.00
2016.12.07 07:06:22.900,9.14003,9.14113,1.00,1.00
2016.12.07 07:06:22.951,9.13987,9.14098,1.00,1.00
2016.12.07 07:06:23.002,9.1396,9.14071,1.00,1.00
2016.12.07 07:06:23.379,9.13952,9.14062,1.00,1.00
2016.12.07 07:06:23.766,9.13954,9.1407,1.00,1.00
2016.12.07 07:06:24.768,9.13953,9.14069,1.00,1.00
2016.12.07 07:06:25.136,9.13955,9.1408,1.00,1.00
2016.12.07 07:06:25.238,9.14009,9.1412,1.00,1.00
2016.12.07 07:06:25.541,9.14028,9.14139,1.00,1.00
2016.12.07 07:06:26.097,9.13959,9.14072,1.00,1.00
2016.12.07 07:06:26.290,9.13948,9.14062,1.00,1.00
2016.12.07 07:06:26.341,9.1391,9.1404,1.00,1.00
2016.12.07 07:06:26.443,9.13886,9.13996,1.00,1.00
2016.12.07 07:06:26.857,9.13879,9.14014,1.00,1.00
2016.12.07 07:06:27.338,9.13872,9.13983,1.00,1.00
2016.12.07 07:06:27.824,9.13855,9.13963,1.00,1.00
2016.12.07 07:06:27.875,9.13866,9.13975,1.00,1.00
2016.12.07 07:06:28.108,9.13868,9.13979,1.00,1.00
2016.12.07 07:06:28.827,9.13863,9.13973,1.00,1.00
2016.12.07 07:06:32.192,9.13858,9.13968,1.00,1.00
2016.12.07 07:06:32.581,9.13843,9.13953,1.00,1.00
2016.12.07 07:06:32.783,9.13831,9.13949,1.00,1.00
2016.12.07 07:06:32.885,9.13828,9.1394,1.00,1.00
2016.12.07 07:06:34.463,9.13828,9.13936,1.00,1.00
2016.12.07 07:06:34.669,9.13828,9.13946,1.00,1.00
2016.12.07 07:06:34.989,9.13823,9.13936,1.00,1.00
2016.12.07 07:06:35.292,9.13796,9.13906,1.00,1.00
2016.12.07 07:06:35.504,9.13789,9.139,1.00,1.00
2016.12.07 07:06:35.605,9.13815,9.13925,1.00,1.00
2016.12.07 07:06:35.656,9.13799,9.1391,1.00,1.00
2016.12.07 07:06:37.767,9.13789,9.13904,1.00,1.00
2016.12.07 07:06:37.818,9.13779,9.13889,1.00,1.00
2016.12.07 07:06:37.869,9.1376,9.13884,1.00,1.00
2016.12.07 07:06:37.919,9.13757,9.13871,1.00,1.00
2016.12.07 07:06:38.294,9.13746,9.13856,1.00,1.00
2016.12.07 07:06:38.656,9.13715,9.13838,1.00,1.00
2016.12.07 07:06:38.908,9.13723,9.13846,1.00,1.00
2016.12.07 07:06:39.896,9.13717,9.1384,1.00,1.00
2016.12.07 07:06:42.033,9.13709,9.13832,1.00,1.00
2016.12.07 07:06:42.386,9.13717,9.1384,1.00,1.00
2016.12.07 07:06:43.047,9.13709,9.13832,1.00,1.00
2016.12.07 07:06:44.493,9.13685,9.13824,1.00,1.00
2016.12.07 07:06:44.595,9.13689,9.13813,1.00,1.00
2016.12.07 07:06:45.440,9.13674,9.13799,1.00,1.00
2016.12.07 07:06:45.541,9.13658,9.13782,1.00,1.00
2016.12.07 07:06:45.693,9.13649,9.13784,1.00,1.00
2016.12.07 07:06:46.684,9.13649,9.1377,1.00,1.00
2016.12.07 07:06:46.823,9.13644,9.13777,1.00,1.00
2016.12.07 07:06:46.995,9.13641,9.13765,1.00,1.00
2016.12.07 07:06:48.000,9.13639,9.13763,1.00,1.00
2016.12.07 07:06:48.334,9.13625,9.13749,1.00,1.00
2016.12.07 07:06:48.942,9.13655,9.13778,1.00,1.00
2016.12.07 07:06:49.579,9.13656,9.13779,1.00,1.00
2016.12.07 07:06:49.814,9.13644,9.13768,1.00,1.00
2016.12.07 07:06:49.865,9.13649,9.13773,1.00,1.00
2016.12.07 07:06:50.328,9.13628,9.13759,1.00,1.00
2016.12.07 07:06:50.630,9.1364,9.13765,1.00,1.00
2016.12.07 07:06:50.800,9.1363,9.13757,1.00,1.00
2016.12.07 07:06:51.632,9.13627,9.13751,1.00,1.00
2016.12.07 07:06:51.933,9.13632,9.13756,1.00,1.00
2016.12.07 07:06:52.693,9.13638,9.13761,1.00,1.00
2016.12.07 07:06:52.954,9.13627,9.13751,1.00,1.00
2016.12.07 07:06:53.005,9.1364,9.13765,1.00,1.00
2016.12.07 07:06:53.519,9.13633,9.13757,1.00,1.00
2016.12.07 07:06:53.941,9.13627,9.13751,1.00,1.00
2016.12.07 07:06:54.766,9.13619,9.13743,1.00,1.00
2016.12.07 07:06:55.269,9.13616,9.1374,1.00,1.00
2016.12.07 07:06:55.791,9.13623,9.13746,1.00,1.00
2016.12.07 07:06:56.645,9.13624,9.13751,1.00,1.00
2016.12.07 07:06:56.696,9.1361,9.13733,1.00,1.00
2016.12.07 07:06:57.060,9.13602,9.13725,1.00,1.00
2016.12.07 07:06:57.865,9.13596,9.13719,1.00,1.00
2016.12.07 07:06:58.183,9.13602,9.13725,1.00,1.00
2016.12.07 07:06:58.762,9.13606,9.13729,1.00,1.00
2016.12.07 07:06:59.433,9.1361,9.13734,1.00,1.00
2016.12.07 07:07:02.138,9.13584,9.13708,1.00,1.00
2016.12.07 07:07:02.441,9.13616,9.13747,1.00,1.00
2016.12.07 07:07:02.492,9.13643,9.13766,1.00,1.00
2016.12.07 07:07:03.342,9.13637,9.13763,1.00,1.00
2016.12.07 07:07:03.611,9.1363,9.13755,1.00,1.00
2016.12.07 07:07:04.435,9.1362,9.13754,1.00,1.00
2016.12.07 07:07:04.611,9.13629,9.13753,1.00,1.00
2016.12.07 07:07:05.000,9.1362,9.13758,1.00,1.00
2016.12.07 07:07:05.050,9.13619,9.13741,1.00,1.00
2016.12.07 07:07:05.305,9.13599,9.13723,1.00,1.00
2016.12.07 07:07:05.755,9.13605,9.13748,1.00,1.00
2016.12.07 07:07:05.806,9.13644,9.13767,1.00,1.00
2016.12.07 07:07:05.857,9.13652,9.13779,1.00,1.00
2016.12.07 07:07:05.958,9.13675,9.13801,1.00,1.00
2016.12.07 07:07:06.621,9.13667,9.13789,1.00,1.00
2016.12.07 07:07:06.847,9.13649,9.13773,1.00,1.00
2016.12.07 07:07:07.103,9.13654,9.13777,1.00,1.00
2016.12.07 07:07:07.582,9.13646,9.1377,1.00,1.00
2016.12.07 07:07:07.978,9.13653,9.13775,1.00,1.00
2016.12.07 07:07:09.513,9.13648,9.13772,1.00,1.00
2016.12.07 07:07:09.743,9.13643,9.13766,1.00,1.00
2016.12.07 07:07:10.076,9.1364,9.13763,1.00,1.00
2016.12.07 07:07:10.228,9.13624,9.13749,1.00,1.00
2016.12.07 07:07:10.379,9.13635,9.1376,1.00,1.00
2016.12.07 07:07:10.512,9.13641,9.1377,1.00,1.00
2016.12.07 07:07:10.715,9.13637,9.13759,1.00,1.00
2016.12.07 07:07:10.816,9.13646,9.13769,1.00,1.00
2016.12.07 07:07:10.920,9.13634,9.13757,1.00,1.00
2016.12.07 07:07:11.373,9.13624,9.13746,1.00,1.00
2016.12.07 07:07:11.581,9.13594,9.13718,1.00,1.00
2016.12.07 07:07:11.884,9.13581,9.13705,1.00,1.00
2016.12.07 07:07:12.076,9.13594,9.13719,1.00,1.00
2016.12.07 07:07:12.638,9.13579,9.13703,1.00,1.00
2016.12.07 07:07:12.689,9.13588,9.13719,1.00,1.00
2016.12.07 07:07:12.740,9.13587,9.1371,1.00,1.00
2016.12.07 07:07:13.057,9.13589,9.13712,1.00,1.00
2016.12.07 07:07:13.691,9.13598,9.13767,1.00,1.00
2016.12.07 07:07:13.748,9.1359,9.13723,1.00,1.00
2016.12.07 07:07:13.799,9.13597,9.13767,1.00,1.00
2016.12.07 07:07:13.858,9.1359,9.13723,1.00,1.00
2016.12.07 07:07:13.909,9.13597,9.13767,1.00,1.00
2016.12.07 07:07:13.969,9.1359,9.13723,1.00,1.00
2016.12.07 07:07:14.020,9.13597,9.13767,1.00,1.00
2016.12.07 07:07:14.080,9.1359,9.13723,1.00,1.00
2016.12.07 07:07:14.130,9.1359,9.13765,1.00,1.00
2016.12.07 07:07:14.441,9.13587,9.13716,1.00,1.00
2016.12.07 07:07:14.794,9.13583,9.13705,1.00,1.00
2016.12.07 07:07:15.185,9.13592,9.13761,1.00,1.00
2016.12.07 07:07:15.236,9.13586,9.13719,1.00,1.00
2016.12.07 07:07:15.785,9.13592,9.13761,1.00,1.00
2016.12.07 07:07:15.869,9.13586,9.13719,1.00,1.00
2016.12.07 07:07:16.020,9.13589,9.13746,1.00,1.00
2016.12.07 07:07:16.121,9.13592,9.13756,1.00,1.00
2016.12.07 07:07:16.222,9.13589,9.13745,1.00,1.00
2016.12.07 07:07:16.865,9.13589,9.13744,1.00,1.00
2016.12.07 07:07:17.196,9.13581,9.13705,1.00,1.00
2016.12.07 07:07:17.247,9.13589,9.13744,1.00,1.00
2016.12.07 07:07:17.307,9.13581,9.13705,1.00,1.00
2016.12.07 07:07:17.358,9.13589,9.13744,1.00,1.00
2016.12.07 07:07:18.192,9.13579,9.13703,1.00,1.00
2016.12.07 07:07:18.345,9.13621,9.13775,1.00,1.00
2016.12.07 07:07:18.396,9.13633,9.13794,1.00,1.00
2016.12.07 07:07:18.447,9.13631,9.13784,1.00,1.00
2016.12.07 07:07:19.654,9.1363,9.13783,1.00,1.00
2016.12.07 07:07:19.772,9.13631,9.13795,1.00,1.00
2016.12.07 07:07:19.950,9.13625,9.13793,1.00,1.00
2016.12.07 07:07:22.389,9.13614,9.13767,1.00,1.00
2016.12.07 07:07:22.490,9.136,9.13759,1.00,1.00
2016.12.07 07:07:22.820,9.1361,9.13761,1.00,1.00
2016.12.07 07:07:23.337,9.13604,9.13757,1.00,1.00
2016.12.07 07:07:24.091,9.1361,9.13763,1.00,1.00
2016.12.07 07:07:24.405,9.13605,9.13758,1.00,1.00
2016.12.07 07:07:24.825,9.13598,9.13752,1.00,1.00
2016.12.07 07:07:25.140,9.1362,9.13777,1.00,1.00
2016.12.07 07:07:25.191,9.13627,9.1378,1.00,1.00
2016.12.07 07:07:25.242,9.13632,9.13797,1.00,1.00
2016.12.07 07:07:25.293,9.13663,9.13796,1.00,1.00
2016.12.07 07:07:25.344,9.13644,9.13797,1.00,1.00
2016.12.07 07:07:25.855,9.13642,9.13783,1.00,1.00
2016.12.07 07:07:26.829,9.13643,9.13783,1.00,1.00
2016.12.07 07:07:27.721,9.1368,9.1382,1.00,1.00
2016.12.07 07:07:27.951,9.13685,9.13833,1.00,1.00
2016.12.07 07:07:28.052,9.137,9.13848,1.00,1.00
2016.12.07 07:07:28.266,9.1369,9.13839,1.00,1.00
2016.12.07 07:07:28.591,9.13703,9.13827,1.00,1.00
2016.12.07 07:07:28.748,9.1369,9.13817,1.00,1.00
2016.12.07 07:07:28.850,9.137,9.13827,1.00,1.00
2016.12.07 07:07:29.355,9.13699,9.13826,1.00,1.00
2016.12.07 07:07:29.825,9.13696,9.1382,1.00,1.00
2016.12.07 07:07:30.111,9.13697,9.13833,1.00,1.00
2016.12.07 07:07:30.222,9.13698,9.1382,1.00,1.00
2016.12.07 07:07:30.732,9.1368,9.13804,1.00,1.00
2016.12.07 07:07:30.885,9.13672,9.13806,1.00,1.00
2016.12.07 07:07:31.037,9.13688,9.13812,1.00,1.00
2016.12.07 07:07:31.273,9.13678,9.13809,1.00,1.00
2016.12.07 07:07:31.669,9.13698,9.13837,1.00,1.00
2016.12.07 07:07:31.720,9.13718,9.13845,1.00,1.00
2016.12.07 07:07:32.076,9.13718,9.13855,1.00,1.00
2016.12.07 07:07:32.473,9.13697,9.13828,1.00,1.00
2016.12.07 07:07:32.922,9.13674,9.13824,1.00,1.00
2016.12.07 07:07:33.319,9.13683,9.13824,1.00,1.00
2016.12.07 07:07:33.622,9.13661,9.13788,1.00,1.00
2016.12.07 07:07:33.906,9.13669,9.13798,1.00,1.00
2016.12.07 07:07:33.957,9.13673,9.13809,1.00,1.00
2016.12.07 07:07:36.260,9.13687,9.13811,1.00,1.00
2016.12.07 07:07:36.913,9.137,9.13823,1.00,1.00
2016.12.07 07:07:37.014,9.13729,9.13854,1.00,1.00
2016.12.07 07:07:37.868,9.13718,9.13852,1.00,1.00
2016.12.07 07:07:38.224,9.13689,9.13813,1.00,1.00
2016.12.07 07:07:38.848,9.1369,9.13812,1.00,1.00
2016.12.07 07:07:39.250,9.13686,9.13817,1.00,1.00
2016.12.07 07:07:39.614,9.1366,9.13784,1.00,1.00
2016.12.07 07:07:39.665,9.13646,9.13775,1.00,1.00
2016.12.07 07:07:39.766,9.13674,9.13798,1.00,1.00
2016.12.07 07:07:40.681,9.13679,9.13803,1.00,1.00
2016.12.07 07:07:42.170,9.13663,9.13797,1.00,1.00
2016.12.07 07:07:44.033,9.13669,9.138,1.00,1.00
2016.12.07 07:07:44.336,9.13694,9.13818,1.00,1.00
2016.12.07 07:07:44.882,9.13674,9.13798,1.00,1.00
2016.12.07 07:07:45.187,9.13613,9.13737,1.00,1.00
2016.12.07 07:07:45.489,9.1364,9.13763,1.00,1.00
2016.12.07 07:07:46.064,9.1365,9.13777,1.00,1.00
2016.12.07 07:07:46.744,9.13665,9.13794,1.00,1.00
2016.12.07 07:07:46.845,9.13659,9.13789,1.00,1.00
2016.12.07 07:07:47.065,9.13666,9.13789,1.00,1.00
2016.12.07 07:07:47.189,9.13667,9.13796,1.00,1.00
2016.12.07 07:07:49.648,9.13665,9.13796,1.00,1.00
2016.12.07 07:07:51.630,9.13662,9.13786,1.00,1.00
2016.12.07 07:07:52.170,9.13665,9.13792,1.00,1.00
2016.12.07 07:07:52.232,9.13651,9.13783,1.00,1.00
2016.12.07 07:07:52.284,9.13645,9.13769,1.00,1.00
2016.12.07 07:07:54.290,9.13648,9.13777,1.00,1.00
2016.12.07 07:07:55.138,9.13648,9.13771,1.00,1.00
2016.12.07 07:07:55.685,9.13651,9.1378,1.00,1.00
2016.12.07 07:07:56.580,9.1365,9.13771,1.00,1.00
2016.12.07 07:07:56.631,9.13636,9.13759,1.00,1.00
2016.12.07 07:07:56.681,9.13628,9.13751,1.00,1.00
2016.12.07 07:07:57.014,9.1364,9.13763,1.00,1.00
2016.12.07 07:07:57.268,9.13653,9.13779,1.00,1.00
2016.12.07 07:07:59.072,9.13647,9.1377,1.00,1.00
2016.12.07 07:07:59.248,9.13651,9.13781,1.00,1.00
2016.12.07 07:07:59.299,9.13648,9.13769,1.00,1.00
2016.12.07 07:07:59.478,9.13652,9.1378,1.00,1.00
2016.12.07 07:07:59.529,9.13651,9.13785,1.00,1.00
2016.12.07 07:08:00.276,9.13659,9.13788,1.00,1.00
2016.12.07 07:08:00.636,9.13679,9.13804,1.00,1.00
2016.12.07 07:08:01.277,9.13686,9.13809,1.00,1.00
2016.12.07 07:08:01.548,9.13676,9.13805,1.00,1.00
2016.12.07 07:08:01.600,9.13659,9.13782,1.00,1.00
2016.12.07 07:08:01.923,9.13645,9.13766,1.00,1.00
2016.12.07 07:08:02.024,9.13632,9.1376,1.00,1.00
2016.12.07 07:08:02.283,9.13649,9.13779,1.00,1.00
2016.12.07 07:08:03.024,9.13651,9.13783,1.00,1.00
2016.12.07 07:08:03.197,9.13638,9.13762,1.00,1.00
2016.12.07 07:08:03.779,9.13654,9.13788,1.00,1.00
2016.12.07 07:08:03.830,9.13653,9.13779,1.00,1.00
2016.12.07 07:08:04.746,9.13651,9.13783,1.00,1.00
2016.12.07 07:08:06.068,9.13652,9.13776,1.00,1.00
2016.12.07 07:08:06.233,9.13657,9.13788,1.00,1.00
2016.12.07 07:08:07.070,9.13656,9.13778,1.00,1.00
2016.12.07 07:08:09.760,9.13656,9.13788,1.00,1.00
2016.12.07 07:08:10.762,9.13656,9.13789,1.00,1.00
2016.12.07 07:08:12.245,9.13659,9.13782,1.00,1.00
2016.12.07 07:08:12.296,9.13653,9.13785,1.00,1.00
2016.12.07 07:08:13.147,9.13654,9.13778,1.00,1.00
2016.12.07 07:08:13.297,9.13657,9.13786,1.00,1.00
2016.12.07 07:08:16.546,9.13649,9.13772,1.00,1.00
2016.12.07 07:08:16.752,9.13651,9.13781,1.00,1.00
2016.12.07 07:08:18.342,9.13649,9.13772,1.00,1.00
2016.12.07 07:08:20.820,9.13645,9.13768,1.00,1.00
2016.12.07 07:08:21.341,9.13647,9.13779,1.00,1.00
2016.12.07 07:08:21.392,9.13645,9.13768,1.00,1.00
2016.12.07 07:08:23.300,9.13649,9.13779,1.00,1.00
2016.12.07 07:08:23.390,9.13645,9.13768,1.00,1.00
2016.12.07 07:08:24.950,9.13644,9.13767,1.00,1.00
2016.12.07 07:08:25.612,9.13655,9.13783,1.00,1.00
2016.12.07 07:08:25.665,9.13653,9.13777,1.00,1.00
2016.12.07 07:08:26.164,9.13654,9.13784,1.00,1.00
2016.12.07 07:08:26.273,9.13651,9.13775,1.00,1.00
2016.12.07 07:08:26.506,9.13656,9.13782,1.00,1.00
2016.12.07 07:08:26.997,9.13651,9.13775,1.00,1.00
2016.12.07 07:08:27.342,9.13656,9.13782,1.00,1.00
2016.12.07 07:08:27.444,9.13651,9.13775,1.00,1.00
2016.12.07 07:08:27.735,9.13654,9.13782,1.00,1.00
2016.12.07 07:08:27.786,9.1365,9.13773,1.00,1.00
2016.12.07 07:08:28.073,9.13655,9.13781,1.00,1.00
2016.12.07 07:08:30.648,9.1365,9.13773,1.00,1.00
2016.12.07 07:08:30.709,9.13654,9.13782,1.00,1.00
2016.12.07 07:08:31.110,9.13651,9.13772,1.00,1.00
2016.12.07 07:08:31.193,9.13654,9.13782,1.00,1.00
2016.12.07 07:08:32.965,9.13654,9.13778,1.00,1.00
2016.12.07 07:08:33.313,9.13646,9.13769,1.00,1.00
2016.12.07 07:08:35.311,9.13636,9.1376,1.00,1.00
2016.12.07 07:08:36.494,9.13642,9.13765,1.00,1.00
2016.12.07 07:08:40.112,9.13618,9.13739,1.00,1.00
2016.12.07 07:08:40.318,9.13604,9.13728,1.00,1.00
2016.12.07 07:08:40.992,9.13598,9.13721,1.00,1.00
2016.12.07 07:08:41.239,9.13606,9.1373,1.00,1.00
2016.12.07 07:08:41.390,9.13601,9.13724,1.00,1.00
2016.12.07 07:08:47.955,9.13618,9.13748,1.00,1.00
2016.12.07 07:08:48.120,9.13624,9.1375,1.00,1.00
2016.12.07 07:08:48.563,9.13618,9.13741,1.00,1.00
2016.12.07 07:08:49.235,9.13635,9.13758,1.00,1.00
2016.12.07 07:08:49.487,9.13652,9.13788,1.00,1.00
2016.12.07 07:08:49.639,9.13648,9.13771,1.00,1.00
2016.12.07 07:08:50.600,9.13647,9.1377,1.00,1.00
2016.12.07 07:08:50.930,9.1365,9.13782,1.00,1.00
2016.12.07 07:08:51.738,9.13647,9.1377,1.00,1.00
2016.12.07 07:08:52.122,9.13639,9.13762,1.00,1.00
2016.12.07 07:08:53.286,9.13623,9.13747,1.00,1.00
2016.12.07 07:08:53.438,9.13615,9.13738,1.00,1.00
2016.12.07 07:08:53.539,9.13621,9.13745,1.00,1.00
2016.12.07 07:08:55.005,9.1362,9.13744,1.00,1.00
2016.12.07 07:08:55.646,9.13616,9.13739,1.00,1.00
2016.12.07 07:08:55.822,9.13619,9.13747,1.00,1.00
2016.12.07 07:08:55.872,9.13616,9.13739,1.00,1.00
2016.12.07 07:08:57.297,9.1362,9.13746,1.00,1.00
2016.12.07 07:08:57.352,9.13616,9.13739,1.00,1.00
2016.12.07 07:09:00.998,9.13609,9.13733,1.00,1.00
2016.12.07 07:09:01.050,9.13612,9.13741,1.00,1.00
2016.12.07 07:09:01.101,9.13609,9.13733,1.00,1.00
2016.12.07 07:09:01.333,9.13614,9.13741,1.00,1.00
2016.12.07 07:09:01.718,9.13632,9.13755,1.00,1.00
2016.12.07 07:09:02.248,9.13628,9.13751,1.00,1.00
2016.12.07 07:09:03.249,9.1363,9.13753,1.00,1.00
2016.12.07 07:09:07.755,9.1362,9.13744,1.00,1.00
2016.12.07 07:09:07.806,9.13616,9.13739,1.00,1.00
2016.12.07 07:09:07.957,9.13593,9.13746,1.00,1.00
2016.12.07 07:09:08.008,9.13615,9.13739,1.00,1.00
2016.12.07 07:09:08.935,9.13619,9.13742,1.00,1.00
2016.12.07 07:09:10.035,9.13618,9.13741,1.00,1.00
2016.12.07 07:09:15.089,9.13612,9.13735,1.00,1.00
2016.12.07 07:09:15.524,9.13617,9.1374,1.00,1.00
2016.12.07 07:09:16.035,9.13612,9.13735,1.00,1.00
2016.12.07 07:09:16.364,9.13617,9.1374,1.00,1.00
2016.12.07 07:09:22.141,9.13613,9.13736,1.00,1.00
2016.12.07 07:09:22.472,9.13618,9.13741,1.00,1.00
2016.12.07 07:09:22.825,9.13613,9.13736,1.00,1.00
2016.12.07 07:09:23.132,9.13618,9.13741,1.00,1.00
2016.12.07 07:09:23.905,9.13614,9.13737,1.00,1.00
2016.12.07 07:09:24.244,9.13619,9.13742,1.00,1.00
2016.12.07 07:09:24.582,9.13614,9.13737,1.00,1.00
2016.12.07 07:09:24.724,9.13619,9.13744,1.00,1.00
2016.12.07 07:09:25.773,9.13621,9.13745,1.00,1.00
2016.12.07 07:09:26.851,9.13623,9.13744,1.00,1.00
2016.12.07 07:09:28.109,9.13626,9.13749,1.00,1.00
2016.12.07 07:09:28.160,9.13621,9.13744,1.00,1.00
2016.12.07 07:09:33.081,9.1362,9.13743,1.00,1.00
2016.12.07 07:09:34.580,9.13605,9.13728,1.00,1.00
2016.12.07 07:09:34.631,9.13598,9.13722,1.00,1.00
2016.12.07 07:09:34.682,9.13587,9.1371,1.00,1.00
2016.12.07 07:09:35.476,9.13576,9.13699,1.00,1.00
2016.12.07 07:09:36.956,9.13582,9.13706,1.00,1.00
2016.12.07 07:09:37.484,9.13578,9.13702,1.00,1.00
2016.12.07 07:09:37.824,9.13586,9.13709,1.00,1.00
2016.12.07 07:09:38.144,9.1358,9.13704,1.00,1.00
2016.12.07 07:09:39.641,9.13576,9.137,1.00,1.00
2016.12.07 07:09:40.453,9.13583,9.13706,1.00,1.00
2016.12.07 07:09:40.517,9.13576,9.137,1.00,1.00
2016.12.07 07:09:40.906,9.13583,9.13706,1.00,1.00
2016.12.07 07:09:41.475,9.13577,9.13701,1.00,1.00
2016.12.07 07:09:42.051,9.13563,9.13687,1.00,1.00
2016.12.07 07:09:42.202,9.13537,9.13664,1.00,1.00
2016.12.07 07:09:42.601,9.13566,9.13689,1.00,1.00
2016.12.07 07:09:42.812,9.13539,9.13663,1.00,1.00
2016.12.07 07:09:43.070,9.13554,9.13677,1.00,1.00
2016.12.07 07:09:43.172,9.13559,9.1369,1.00,1.00
2016.12.07 07:09:43.792,9.1356,9.13684,1.00,1.00
2016.12.07 07:09:44.134,9.13606,9.13727,1.00,1.00
2016.12.07 07:09:44.361,9.13612,9.13741,1.00,1.00
2016.12.07 07:09:44.413,9.13624,9.13748,1.00,1.00
2016.12.07 07:09:45.361,9.13621,9.13744,1.00,1.00
2016.12.07 07:09:45.912,9.13626,9.1375,1.00,1.00
2016.12.07 07:09:48.111,9.13628,9.1375,1.00,1.00
2016.12.07 07:10:00.450,9.13634,9.13755,1.00,1.00
2016.12.07 07:10:00.501,9.13627,9.13751,1.00,1.00
2016.12.07 07:10:00.617,9.13633,9.13756,1.00,1.00
2016.12.07 07:10:01.858,9.13628,9.1375,1.00,1.00
2016.12.07 07:10:03.177,9.13626,9.1375,1.00,1.00
2016.12.07 07:10:04.012,9.13609,9.13747,1.00,1.00
2016.12.07 07:10:05.048,9.13611,9.13747,1.00,1.00
2016.12.07 07:10:10.158,9.13626,9.1375,1.00,1.00
2016.12.07 07:10:10.732,9.13612,9.13736,1.00,1.00
2016.12.07 07:10:11.346,9.13629,9.13753,1.00,1.00
2016.12.07 07:10:11.669,9.13642,9.13764,1.00,1.00
2016.12.07 07:10:11.820,9.13646,9.13775,1.00,1.00
2016.12.07 07:10:12.332,9.13651,9.13778,1.00,1.00
2016.12.07 07:10:12.635,9.1366,9.13783,1.00,1.00
2016.12.07 07:10:13.427,9.13653,9.13775,1.00,1.00
2016.12.07 07:10:14.259,9.13657,9.13781,1.00,1.00
2016.12.07 07:10:18.175,9.13655,9.13779,1.00,1.00
2016.12.07 07:10:18.495,9.13651,9.13774,1.00,1.00
2016.12.07 07:10:19.915,9.1365,9.13773,1.00,1.00
2016.12.07 07:10:20.839,9.13657,9.13781,1.00,1.00
2016.12.07 07:10:20.943,9.13653,9.13777,1.00,1.00
2016.12.07 07:10:22.834,9.13655,9.13791,1.00,1.00
2016.12.07 07:10:22.885,9.13675,9.13806,1.00,1.00
2016.12.07 07:10:24.629,9.13669,9.13803,1.00,1.00
2016.12.07 07:10:25.188,9.13678,9.1381,1.00,1.00
2016.12.07 07:10:25.505,9.13677,9.13801,1.00,1.00
2016.12.07 07:10:26.806,9.1368,9.13802,1.00,1.00
2016.12.07 07:10:29.772,9.13679,9.13804,1.00,1.00
2016.12.07 07:10:33.204,9.13678,9.13802,1.00,1.00
2016.12.07 07:10:34.207,9.13675,9.13799,1.00,1.00
2016.12.07 07:10:35.216,9.13672,9.13796,1.00,1.00
2016.12.07 07:10:35.752,9.13655,9.13782,1.00,1.00
2016.12.07 07:10:35.803,9.1365,9.13774,1.00,1.00
2016.12.07 07:10:36.168,9.13648,9.13772,1.00,1.00
2016.12.07 07:10:36.638,9.13651,9.1379,1.00,1.00
2016.12.07 07:10:36.689,9.13648,9.13772,1.00,1.00
2016.12.07 07:10:38.408,9.13654,9.13778,1.00,1.00
2016.12.07 07:10:38.829,9.13649,9.13788,1.00,1.00
2016.12.07 07:10:38.932,9.13649,9.13773,1.00,1.00
2016.12.07 07:10:40.218,9.1365,9.13774,1.00,1.00
2016.12.07 07:10:45.609,9.1365,9.13787,1.00,1.00
2016.12.07 07:10:46.694,9.13646,9.1377,1.00,1.00
2016.12.07 07:10:48.592,9.1365,9.13787,1.00,1.00
2016.12.07 07:10:48.721,9.13646,9.1377,1.00,1.00
2016.12.07 07:10:49.482,9.13648,9.13788,1.00,1.00
2016.12.07 07:10:49.995,9.13645,9.13769,1.00,1.00
2016.12.07 07:10:50.598,9.13648,9.13788,1.00,1.00
2016.12.07 07:10:51.368,9.13645,9.13769,1.00,1.00
2016.12.07 07:10:52.718,9.13641,9.13765,1.00,1.00
2016.12.07 07:10:53.111,9.1361,9.13734,1.00,1.00
2016.12.07 07:10:53.819,9.13606,9.1373,1.00,1.00
2016.12.07 07:11:03.299,9.13605,9.13729,1.00,1.00
2016.12.07 07:11:07.746,9.13612,9.13736,1.00,1.00
2016.12.07 07:11:07.847,9.13615,9.13744,1.00,1.00
2016.12.07 07:11:08.595,9.13615,9.13743,1.00,1.00
2016.12.07 07:11:10.725,9.13612,9.13736,1.00,1.00
2016.12.07 07:11:16.903,9.13611,9.13746,1.00,1.00
2016.12.07 07:11:17.004,9.13611,9.13736,1.00,1.00
2016.12.07 07:11:19.264,9.13607,9.13731,1.00,1.00
2016.12.07 07:11:19.314,9.13611,9.13746,1.00,1.00
2016.12.07 07:11:19.426,9.13607,9.13731,1.00,1.00
2016.12.07 07:11:19.750,9.13565,9.13689,1.00,1.00
2016.12.07 07:11:19.974,9.13568,9.13701,1.00,1.00
2016.12.07 07:11:20.254,9.13565,9.13689,1.00,1.00
2016.12.07 07:11:20.710,9.13559,9.13683,1.00,1.00
2016.12.07 07:11:21.195,9.13565,9.13689,1.00,1.00
2016.12.07 07:11:21.696,9.13561,9.13685,1.00,1.00
2016.12.07 07:11:22.346,9.13551,9.13674,1.00,1.00
2016.12.07 07:11:22.397,9.13545,9.13669,1.00,1.00
2016.12.07 07:11:22.448,9.13527,9.13651,1.00,1.00
2016.12.07 07:11:22.994,9.13518,9.13641,1.00,1.00
2016.12.07 07:11:23.773,9.13523,9.13647,1.00,1.00
2016.12.07 07:11:23.824,9.13518,9.13641,1.00,1.00
2016.12.07 07:11:28.015,9.135,9.13624,1.00,1.00
2016.12.07 07:11:28.066,9.13521,9.13644,1.00,1.00
2016.12.07 07:11:28.116,9.13512,9.13636,1.00,1.00
2016.12.07 07:11:28.167,9.13493,9.13617,1.00,1.00
2016.12.07 07:11:29.107,9.13486,9.13609,1.00,1.00
2016.12.07 07:11:29.459,9.13499,9.13623,1.00,1.00
2016.12.07 07:11:29.710,9.13488,9.13611,1.00,1.00
2016.12.07 07:11:30.399,9.1349,9.13625,1.00,1.00
2016.12.07 07:11:30.540,9.13489,9.13613,1.00,1.00
2016.12.07 07:11:30.872,9.13478,9.13602,1.00,1.00
2016.12.07 07:11:33.326,9.13478,9.136,1.00,1.00
2016.12.07 07:11:34.572,9.13484,9.13614,1.00,1.00
2016.12.07 07:11:34.678,9.1348,9.13604,1.00,1.00
2016.12.07 07:11:34.998,9.13475,9.13599,1.00,1.00
2016.12.07 07:11:35.469,9.13463,9.13586,1.00,1.00
2016.12.07 07:11:35.889,9.13451,9.13586,1.00,1.00
2016.12.07 07:11:35.988,9.13447,9.13571,1.00,1.00
2016.12.07 07:11:36.124,9.1345,9.13588,1.00,1.00
2016.12.07 07:11:36.225,9.13444,9.13568,1.00,1.00
2016.12.07 07:11:36.974,9.13439,9.13562,1.00,1.00
2016.12.07 07:11:37.792,9.13447,9.13572,1.00,1.00
2016.12.07 07:11:37.893,9.13441,9.13564,1.00,1.00
2016.12.07 07:11:38.032,9.13434,9.13558,1.00,1.00
2016.12.07 07:11:38.184,9.13445,9.13572,1.00,1.00
2016.12.07 07:11:38.390,9.13436,9.13559,1.00,1.00
2016.12.07 07:11:38.535,9.13443,9.13572,1.00,1.00
2016.12.07 07:11:38.707,9.13434,9.13558,1.00,1.00
2016.12.07 07:11:38.863,9.13443,9.13572,1.00,1.00
2016.12.07 07:11:39.072,9.13436,9.13559,1.00,1.00
2016.12.07 07:11:39.228,9.13443,9.13572,1.00,1.00
2016.12.07 07:11:39.548,9.13437,9.1356,1.00,1.00
2016.12.07 07:11:39.649,9.13443,9.13572,1.00,1.00
2016.12.07 07:11:39.854,9.13437,9.1356,1.00,1.00
2016.12.07 07:11:39.982,9.13445,9.13572,1.00,1.00
2016.12.07 07:11:40.235,9.13438,9.13561,1.00,1.00
2016.12.07 07:11:40.316,9.13445,9.13572,1.00,1.00
2016.12.07 07:11:40.493,9.13433,9.13557,1.00,1.00
2016.12.07 07:11:40.808,9.13429,9.13553,1.00,1.00
2016.12.07 07:11:42.079,9.13428,9.13552,1.00,1.00
2016.12.07 07:11:45.690,9.13434,9.13557,1.15,1.00
2016.12.07 07:11:45.741,9.13441,9.13565,1.00,1.00
2016.12.07 07:11:46.676,9.13437,9.1356,1.00,1.00
2016.12.07 07:11:48.354,9.13436,9.13559,1.00,1.00
2016.12.07 07:11:49.696,9.13434,9.13555,1.00,1.00
2016.12.07 07:11:49.848,9.13439,9.13569,1.00,1.00
2016.12.07 07:11:50.179,9.13436,9.13559,1.00,1.00
2016.12.07 07:11:54.229,9.13438,9.13568,1.00,1.00
2016.12.07 07:11:54.280,9.13447,9.13572,1.00,1.00
2016.12.07 07:11:54.600,9.13472,9.13595,1.00,1.00
2016.12.07 07:11:54.752,9.13511,9.13635,1.00,1.00
2016.12.07 07:11:54.803,9.13527,9.1365,1.00,1.00
2016.12.07 07:11:54.904,9.13549,9.13673,1.00,1.00
2016.12.07 07:11:55.085,9.13572,9.13693,1.00,1.28
2016.12.07 07:11:55.287,9.13548,9.13689,1.00,1.28
2016.12.07 07:11:55.818,9.13548,9.13689,1.00,1.28
2016.12.07 07:11:55.934,9.13564,9.13703,1.00,1.43
2016.12.07 07:11:56.296,9.13583,9.13727,1.00,1.07
2016.12.07 07:11:56.347,9.13518,9.13643,1.00,1.00
2016.12.07 07:11:56.448,9.13492,9.13617,1.00,1.00
2016.12.07 07:11:56.751,9.13518,9.13574,1.00,1.00
2016.12.07 07:11:57.059,9.13421,9.13544,1.00,1.00
2016.12.07 07:11:57.609,9.13434,9.13557,1.00,1.00
2016.12.07 07:11:58.892,9.13439,9.13562,1.00,1.00
2016.12.07 07:11:58.943,9.13446,9.13577,1.00,1.00
2016.12.07 07:11:59.044,9.13456,9.13596,1.00,1.00
2016.12.07 07:11:59.145,9.13456,9.13586,1.00,1.00
2016.12.07 07:12:00.000,9.13456,9.13579,1.00,1.00
2016.12.07 07:12:00.051,9.13464,9.13588,1.00,1.00
2016.12.07 07:12:00.152,9.13469,9.13603,1.00,1.00
2016.12.07 07:12:00.319,9.13471,9.13594,1.00,1.00
2016.12.07 07:12:01.042,9.13476,9.13602,1.00,1.00
2016.12.07 07:12:01.762,9.13476,9.136,1.00,1.00
2016.12.07 07:12:01.965,9.13498,9.13625,1.00,1.00
2016.12.07 07:12:02.116,9.13506,9.13629,1.00,1.00
2016.12.07 07:12:02.823,9.135,9.13623,1.00,1.00
2016.12.07 07:12:03.824,9.13503,9.13626,1.00,1.00
2016.12.07 07:12:04.824,9.13506,9.13629,1.00,1.00
2016.12.07 07:12:05.827,9.13503,9.13626,1.00,1.00
2016.12.07 07:12:06.687,9.13501,9.13626,1.00,1.00
2016.12.07 07:12:06.899,9.13495,9.13619,1.00,1.00
2016.12.07 07:12:07.974,9.135,9.13623,1.00,1.00
2016.12.07 07:12:08.581,9.13504,9.13627,1.00,1.00
2016.12.07 07:12:08.973,9.13494,9.13617,1.00,1.00
2016.12.07 07:12:09.582,9.13499,9.13624,1.00,1.00
2016.12.07 07:12:10.237,9.13495,9.13618,1.00,1.00
2016.12.07 07:12:10.288,9.13499,9.13624,1.00,1.00
2016.12.07 07:12:10.457,9.13494,9.13617,1.00,1.00
2016.12.07 07:12:12.182,9.13493,9.13617,1.00,1.00
2016.12.07 07:12:13.781,9.13499,9.13622,1.00,1.00
2016.12.07 07:12:14.794,9.13439,9.13617,1.00,1.00
2016.12.07 07:12:14.845,9.13478,9.13602,1.00,1.00
2016.12.07 07:12:15.149,9.13465,9.13587,1.00,1.00
2016.12.07 07:12:15.251,9.13472,9.13603,1.00,1.00
2016.12.07 07:12:15.301,9.13487,9.13616,1.00,1.00
2016.12.07 07:12:15.352,9.1351,9.13642,1.00,1.00
2016.12.07 07:12:15.866,9.13522,9.13645,1.00,1.00
2016.12.07 07:12:17.131,9.13516,9.1364,1.00,1.00
2016.12.07 07:12:18.339,9.13523,9.13644,1.00,1.00
2016.12.07 07:12:20.108,9.13515,9.13639,1.00,1.00
2016.12.07 07:12:20.159,9.13507,9.13632,1.00,1.00
2016.12.07 07:12:20.346,9.135,9.13624,1.00,1.00
2016.12.07 07:12:20.654,9.13493,9.13617,1.00,1.00
2016.12.07 07:12:21.086,9.135,9.13624,1.00,1.00
2016.12.07 07:12:25.433,9.13495,9.13619,1.00,1.00
2016.12.07 07:12:26.015,9.13503,9.13626,1.00,1.00
2016.12.07 07:12:26.153,9.1346,9.13584,1.00,1.00
2016.12.07 07:12:27.128,9.13456,9.13579,1.00,1.00
2016.12.07 07:12:27.213,9.13461,9.13585,1.00,1.00
2016.12.07 07:12:30.109,9.13466,9.13589,1.00,1.00
2016.12.07 07:12:30.935,9.13477,9.13601,1.00,1.00
2016.12.07 07:12:31.497,9.1349,9.13614,1.00,1.00
2016.12.07 07:12:31.899,9.13485,9.13608,1.00,1.00
2016.12.07 07:12:32.293,9.13489,9.13615,1.00,1.00
2016.12.07 07:12:33.444,9.1349,9.13614,1.00,1.00
2016.12.07 07:12:37.233,9.13468,9.13591,1.00,1.00
2016.12.07 07:12:37.284,9.13472,9.13603,1.00,1.00
2016.12.07 07:12:37.334,9.13469,9.13592,1.00,1.00
2016.12.07 07:12:38.227,9.13464,9.13587,1.00,1.00
2016.12.07 07:12:38.278,9.13466,9.13595,1.00,1.00
2016.12.07 07:12:38.753,9.13456,9.13585,1.00,1.00
2016.12.07 07:12:40.458,9.13458,9.13587,1.00,1.00
2016.12.07 07:12:42.199,9.1346,9.13587,1.00,1.00
2016.12.07 07:12:42.530,9.13452,9.13576,1.00,1.00
2016.12.07 07:12:42.833,9.13459,9.13588,1.00,1.00
2016.12.07 07:12:42.934,9.1347,9.13599,1.00,1.00
2016.12.07 07:12:43.231,9.13478,9.13618,1.00,1.00
2016.12.07 07:12:44.240,9.13479,9.13604,1.00,1.00
2016.12.07 07:12:44.345,9.13482,9.13608,1.00,1.00
2016.12.07 07:12:44.446,9.13491,9.13622,1.00,1.00
2016.12.07 07:12:44.749,9.13502,9.13624,1.00,1.00
2016.12.07 07:12:46.225,9.13501,9.13624,1.00,1.00
2016.12.07 07:12:48.474,9.13499,9.13624,1.00,1.00
2016.12.07 07:12:50.215,9.13501,9.13624,1.00,1.00
2016.12.07 07:12:51.787,9.13506,9.13639,1.00,1.43
2016.12.07 07:12:51.838,9.13533,9.13656,1.00,1.58
2016.12.07 07:12:51.889,9.13522,9.13646,1.00,1.43
2016.12.07 07:12:51.990,9.13518,9.13641,1.00,1.43
2016.12.07 07:12:52.740,9.1353,9.13653,1.00,1.58
2016.12.07 07:12:52.942,9.13524,9.13655,1.00,1.58
2016.12.07 07:12:53.513,9.13524,9.13655,1.00,1.58
2016.12.07 07:12:55.024,9.13525,9.13648,1.00,1.58
2016.12.07 07:12:55.074,9.13533,9.13685,1.00,1.43
2016.12.07 07:12:55.176,9.13571,9.13698,1.00,1.43
2016.12.07 07:12:55.548,9.13558,9.13685,1.00,1.00
2016.12.07 07:12:55.598,9.13576,9.13703,1.00,1.28
2016.12.07 07:12:55.704,9.13576,9.13703,1.00,1.00
2016.12.07 07:12:56.273,9.13572,9.13696,1.00,1.00
2016.12.07 07:12:56.424,9.13598,9.1375,1.00,1.00
2016.12.07 07:12:57.241,9.13586,9.13743,1.00,1.00
2016.12.07 07:12:57.612,9.1359,9.13747,1.00,1.00
2016.12.07 07:13:01.424,9.13585,9.13754,1.00,1.00
2016.12.07 07:13:02.139,9.13609,9.13767,1.00,1.00
2016.12.07 07:13:02.469,9.13617,9.13774,1.00,1.00
2016.12.07 07:13:03.511,9.13619,9.13777,1.00,1.00
2016.12.07 07:13:05.245,9.13618,9.13775,1.00,1.00
2016.12.07 07:13:06.403,9.1362,9.13785,1.00,1.00
2016.12.07 07:13:06.455,9.13618,9.13773,1.00,1.00
2016.12.07 07:13:06.841,9.13619,9.13786,1.00,1.00
2016.12.07 07:13:06.942,9.13614,9.13771,1.00,1.00
2016.12.07 07:13:06.993,9.13615,9.13781,1.00,1.00
2016.12.07 07:13:07.438,9.13617,9.13774,1.00,1.00
2016.12.07 07:13:07.489,9.1362,9.13782,1.00,1.00
2016.12.07 07:13:07.917,9.13617,9.13774,1.00,1.00
2016.12.07 07:13:08.563,9.13625,9.13783,1.00,1.00
2016.12.07 07:13:10.015,9.1363,9.13786,1.00,1.00
2016.12.07 07:13:10.517,9.13633,9.13776,1.00,1.00
2016.12.07 07:13:11.684,9.13637,9.13782,1.00,1.00
2016.12.07 07:13:11.735,9.13643,9.13785,1.00,1.00
2016.12.07 07:13:12.262,9.13635,9.13785,1.00,1.00
2016.12.07 07:13:12.313,9.1363,9.13761,1.00,1.00
2016.12.07 07:13:12.615,9.13608,9.13731,1.00,1.00
2016.12.07 07:13:12.937,9.13568,9.1369,1.00,1.00
2016.12.07 07:13:13.089,9.13543,9.13666,1.00,1.00
2016.12.07 07:13:13.553,9.13502,9.13625,1.00,1.00
2016.12.07 07:13:14.081,9.13508,9.13632,1.00,1.00
2016.12.07 07:13:14.333,9.13503,9.13627,1.00,1.00
2016.12.07 07:13:14.719,9.13505,9.13628,1.00,1.00
2016.12.07 07:13:15.991,9.13509,9.13632,1.00,1.00
2016.12.07 07:13:17.600,9.13505,9.13626,1.00,1.00
2016.12.07 07:13:17.834,9.13499,9.13623,1.00,1.00
2016.12.07 07:13:19.638,9.13506,9.13629,1.00,1.00
2016.12.07 07:13:21.327,9.13514,9.13638,1.00,1.00
2016.12.07 07:13:21.378,9.13534,9.13661,1.00,1.00
2016.12.07 07:13:21.931,9.13543,9.13667,1.00,1.00
2016.12.07 07:13:22.301,9.13537,9.1366,1.00,1.00
2016.12.07 07:13:22.402,9.13543,9.13667,1.00,1.00
2016.12.07 07:13:23.269,9.13539,9.13668,1.00,1.00
2016.12.07 07:13:23.329,9.13537,9.1366,1.00,1.00
2016.12.07 07:13:23.380,9.13543,9.13667,1.00,1.00
2016.12.07 07:13:23.697,9.13553,9.13676,1.00,1.00
2016.12.07 07:13:24.244,9.1358,9.13704,1.00,1.00
2016.12.07 07:13:24.345,9.13606,9.1373,1.00,1.00
2016.12.07 07:13:24.681,9.13619,9.13742,1.00,1.00
2016.12.07 07:13:25.144,9.1363,9.13752,1.00,1.00
2016.12.07 07:13:25.733,9.13633,9.13757,1.00,1.00
2016.12.07 07:13:26.033,9.13616,9.13739,1.00,1.00
2016.12.07 07:13:26.191,9.13624,9.13748,1.00,1.00
2016.12.07 07:13:26.342,9.13632,9.13756,1.00,1.00
2016.12.07 07:13:27.084,9.13617,9.1374,1.00,1.00
2016.12.07 07:13:27.493,9.13607,9.1373,1.00,1.00
2016.12.07 07:13:27.594,9.13602,9.13726,1.00,1.00
2016.12.07 07:13:28.601,9.13585,9.13708,1.00,1.00
2016.12.07 07:13:28.652,9.13539,9.13663,1.00,1.00
2016.12.07 07:13:28.800,9.13506,9.13629,1.00,1.00
2016.12.07 07:13:29.696,9.13502,9.13625,1.00,1.00
2016.12.07 07:13:30.526,9.13507,9.13631,1.00,1.00
2016.12.07 07:13:30.667,9.13513,9.13661,1.00,1.00
2016.12.07 07:13:30.724,9.13541,9.13665,1.00,1.00
2016.12.07 07:13:31.027,9.13529,9.13656,1.00,1.00
2016.12.07 07:13:31.535,9.13539,9.13663,1.00,1.00
2016.12.07 07:13:32.614,9.13536,9.13666,1.00,1.00
2016.12.07 07:13:32.665,9.13544,9.13668,1.00,1.00
2016.12.07 07:13:32.766,9.13536,9.13666,1.00,1.00
2016.12.07 07:13:32.910,9.1355,9.13673,1.00,1.00
2016.12.07 07:13:32.961,9.13534,9.13666,1.00,1.00
2016.12.07 07:13:33.062,9.13548,9.13671,1.00,1.00
2016.12.07 07:13:33.896,9.13549,9.13685,1.00,1.00
2016.12.07 07:13:33.947,9.13563,9.13686,1.00,1.00
2016.12.07 07:13:33.998,9.13588,9.13712,1.00,1.00
2016.12.07 07:13:34.912,9.13581,9.13704,1.00,1.00
2016.12.07 07:13:35.195,9.13574,9.13698,1.00,1.00
2016.12.07 07:13:36.109,9.13594,9.13717,1.00,1.00
2016.12.07 07:13:36.415,9.13608,9.13747,1.00,1.00
2016.12.07 07:13:36.466,9.13627,9.13766,1.00,1.00
2016.12.07 07:13:37.236,9.13627,9.13754,1.00,1.00
2016.12.07 07:13:37.387,9.13625,9.13756,1.00,1.00
2016.12.07 07:13:37.512,9.13637,9.13761,1.00,1.00
2016.12.07 07:13:37.686,9.13625,9.13756,1.00,1.00
2016.12.07 07:13:37.947,9.13637,9.13761,1.00,1.00
2016.12.07 07:13:38.158,9.13626,9.13755,1.00,1.00
2016.12.07 07:13:39.103,9.13631,9.13754,1.00,1.00
2016.12.07 07:13:39.587,9.13626,9.13755,1.00,1.00
2016.12.07 07:13:40.033,9.13619,9.13742,1.00,1.00
2016.12.07 07:13:40.134,9.13612,9.13739,1.00,1.00
2016.12.07 07:13:40.236,9.13587,9.1371,1.00,1.00
2016.12.07 07:13:40.286,9.13574,9.13698,1.00,1.00
2016.12.07 07:13:41.239,9.1357,9.13701,1.00,1.00
2016.12.07 07:13:41.358,9.13568,9.13695,1.00,1.00
2016.12.07 07:13:46.133,9.13578,9.13702,1.00,1.00
2016.12.07 07:13:46.436,9.1365,9.13773,1.00,1.00
2016.12.07 07:13:47.301,9.13652,9.13775,1.00,1.00
2016.12.07 07:13:47.693,9.13654,9.13782,1.00,1.00
2016.12.07 07:13:47.743,9.13652,9.13775,1.00,1.00
2016.12.07 07:13:47.916,9.13654,9.13782,1.00,1.00
2016.12.07 07:13:48.301,9.13647,9.1378,1.00,1.00
2016.12.07 07:13:48.991,9.13654,9.13777,1.00,1.00
2016.12.07 07:13:49.372,9.13658,9.13782,1.00,1.00
2016.12.07 07:13:50.355,9.13656,9.13779,1.00,1.00
2016.12.07 07:13:50.686,9.13609,9.13732,1.00,1.00
2016.12.07 07:13:51.675,9.13603,9.13725,1.00,1.00
2016.12.07 07:13:51.939,9.13606,9.13731,1.00,1.00
2016.12.07 07:13:52.941,9.13608,9.13731,1.00,1.00
2016.12.07 07:13:53.267,9.13637,9.13761,1.00,1.00
2016.12.07 07:13:53.318,9.1363,9.13753,1.00,1.00
2016.12.07 07:13:53.368,9.13644,9.13769,1.00,1.00
2016.12.07 07:13:53.469,9.13634,9.13758,1.00,1.00
2016.12.07 07:13:53.943,9.13638,9.13769,1.00,1.00
2016.12.07 07:13:54.532,9.13648,9.13771,1.00,1.00
2016.12.07 07:13:54.834,9.1366,9.13783,1.00,1.00
2016.12.07 07:13:55.163,9.13644,9.13767,1.00,1.00
2016.12.07 07:13:55.214,9.1365,9.13774,1.00,1.00
2016.12.07 07:13:55.265,9.13666,9.1379,1.00,1.00
2016.12.07 07:13:55.467,9.13676,9.13805,1.00,1.00
2016.12.07 07:13:55.518,9.13669,9.13793,1.00,1.00
2016.12.07 07:13:55.915,9.13678,9.13805,1.00,1.00
2016.12.07 07:13:56.245,9.13674,9.13798,1.00,1.00
2016.12.07 07:13:57.397,9.13667,9.1379,1.00,1.00
2016.12.07 07:13:57.626,9.13671,9.13803,1.00,1.00
2016.12.07 07:13:57.677,9.13665,9.13788,1.00,1.00
2016.12.07 07:13:57.778,9.13667,9.13797,1.00,1.00
2016.12.07 07:13:58.220,9.13664,9.13787,1.00,1.00
2016.12.07 07:13:58.720,9.13671,9.13803,1.00,1.00
2016.12.07 07:13:58.890,9.13638,9.13762,1.00,1.00
2016.12.07 07:13:58.942,9.13642,9.13772,1.00,1.00
2016.12.07 07:13:58.993,9.13653,9.13778,1.00,1.00
2016.12.07 07:13:59.044,9.13663,9.13797,1.00,1.00
2016.12.07 07:13:59.977,9.13659,9.13783,1.00,1.00
2016.12.07 07:14:00.693,9.13667,9.1379,1.00,1.00
2016.12.07 07:14:00.946,9.13689,9.13813,1.00,1.00
2016.12.07 07:14:03.633,9.13686,9.1381,1.00,1.00
2016.12.07 07:14:05.252,9.13661,9.13808,1.00,1.00
2016.12.07 07:14:05.303,9.13658,9.13782,1.00,1.00
2016.12.07 07:14:05.606,9.13637,9.1376,1.00,1.00
2016.12.07 07:14:06.238,9.13641,9.13767,1.00,1.00
2016.12.07 07:14:08.003,9.13639,9.13775,1.00,1.00
2016.12.07 07:14:08.876,9.13637,9.13767,1.00,1.00
2016.12.07 07:14:10.654,9.13632,9.13761,1.00,1.00
2016.12.07 07:14:10.997,9.13606,9.13729,1.00,1.00
2016.12.07 07:14:11.148,9.13595,9.1372,1.00,1.00
2016.12.07 07:14:11.300,9.13605,9.1373,1.00,1.00
2016.12.07 07:14:11.609,9.13589,9.13713,1.00,1.00
2016.12.07 07:14:12.337,9.13595,9.13722,1.00,1.00
2016.12.07 07:14:12.582,9.136,9.13727,1.00,1.00
2016.12.07 07:14:12.633,9.13604,9.13767,1.00,1.00
2016.12.07 07:14:15.593,9.13607,9.13771,1.00,1.00
2016.12.07 07:14:15.644,9.13615,9.13778,1.00,1.00
2016.12.07 07:14:15.958,9.13609,9.13767,1.00,1.00
2016.12.07 07:14:16.623,9.13604,9.13771,1.00,1.00
2016.12.07 07:14:17.434,9.13627,9.13785,1.00,1.00
2016.12.07 07:14:18.554,9.1362,9.13778,1.00,1.00
2016.12.07 07:14:18.869,9.1363,9.13788,1.00,1.00
2016.12.07 07:14:19.329,9.13613,9.13771,1.00,1.00
2016.12.07 07:14:19.633,9.13624,9.13764,1.00,1.00
2016.12.07 07:14:19.965,9.13647,9.13781,1.00,1.00
2016.12.07 07:14:22.064,9.13639,9.13778,1.00,1.00
2016.12.07 07:14:22.237,9.13631,9.13766,1.00,1.00
2016.12.07 07:14:22.288,9.1363,9.13772,1.00,1.00
2016.12.07 07:14:22.409,9.13632,9.13766,1.00,1.00
2016.12.07 07:14:22.759,9.13647,9.13781,1.00,1.00
2016.12.07 07:14:23.065,9.13638,9.13779,1.00,1.00
2016.12.07 07:14:23.860,9.13631,9.13766,1.00,1.00
2016.12.07 07:14:23.911,9.1362,9.13769,1.00,1.00
2016.12.07 07:14:24.213,9.13619,9.13761,1.00,1.00
2016.12.07 07:14:24.552,9.13628,9.1377,1.00,1.00
2016.12.07 07:14:24.837,9.13621,9.13768,1.00,1.00
2016.12.07 07:14:25.667,9.13616,9.13768,1.00,1.00
2016.12.07 07:14:26.113,9.13624,9.13756,1.00,1.00
2016.12.07 07:14:27.047,9.13597,9.13721,1.00,1.00
2016.12.07 07:14:27.149,9.13583,9.13709,1.00,1.00
2016.12.07 07:14:27.203,9.13583,9.13707,1.00,1.00
2016.12.07 07:14:28.040,9.13572,9.13694,1.00,1.00
2016.12.07 07:14:28.141,9.1358,9.13704,1.00,1.00
2016.12.07 07:14:31.148,9.1358,9.13714,1.00,1.00
2016.12.07 07:14:31.199,9.13599,9.13723,1.00,1.00
2016.12.07 07:14:31.516,9.13632,9.13757,1.00,1.00
2016.12.07 07:14:31.828,9.13642,9.13773,1.00,1.00
2016.12.07 07:14:31.979,9.13675,9.13802,1.00,1.00
2016.12.07 07:14:32.282,9.13682,9.13816,1.00,1.00
2016.12.07 07:14:32.841,9.13698,9.13837,1.00,1.00
2016.12.07 07:14:33.391,9.13699,9.13825,1.00,1.00
2016.12.07 07:14:33.458,9.137,9.13835,1.00,1.00
2016.12.07 07:14:33.509,9.13725,9.13851,1.00,1.00
2016.12.07 07:14:33.812,9.13746,9.13872,1.00,1.00
2016.12.07 07:14:33.863,9.13761,9.13893,1.00,1.00
2016.12.07 07:14:34.116,9.13788,9.13911,1.00,1.00
2016.12.07 07:14:34.349,9.13761,9.13885,1.00,1.00
2016.12.07 07:14:34.518,9.13775,9.13898,1.00,1.00
2016.12.07 07:14:35.079,9.13776,9.13904,1.00,1.00
2016.12.07 07:14:35.408,9.13797,9.13925,1.00,1.00
2016.12.07 07:14:35.509,9.13791,9.13921,1.00,1.00
2016.12.07 07:14:35.799,9.13757,9.13881,1.00,1.00
2016.12.07 07:14:36.495,9.13762,9.13885,1.00,1.00
2016.12.07 07:14:36.596,9.137,9.13824,1.00,1.00
2016.12.07 07:14:36.798,9.13689,9.13813,1.00,1.00
2016.12.07 07:14:36.849,9.13673,9.1382,1.00,1.00
2016.12.07 07:14:37.000,9.13653,9.13817,1.00,1.00
2016.12.07 07:14:37.052,9.13641,9.13786,1.00,1.00
2016.12.07 07:14:37.355,9.13616,9.1376,1.00,1.00
2016.12.07 07:14:37.658,9.13626,9.13771,1.00,1.00
2016.12.07 07:14:37.949,9.13618,9.1377,1.00,1.00
2016.12.07 07:14:38.000,9.13608,9.13731,1.00,1.00
2016.12.07 07:14:38.856,9.13613,9.13776,1.00,1.00
2016.12.07 07:14:40.590,9.13604,9.13736,1.00,1.00
2016.12.07 07:14:40.787,9.13596,9.13735,1.00,1.00
2016.12.07 07:14:40.838,9.13565,9.13688,1.00,1.00
2016.12.07 07:14:40.939,9.13552,9.13676,1.00,1.00
2016.12.07 07:14:41.041,9.13555,9.13713,1.00,1.00
2016.12.07 07:14:42.438,9.13555,9.13712,1.00,1.00
2016.12.07 07:14:45.864,9.13535,9.13691,1.00,1.00
2016.12.07 07:14:45.914,9.1354,9.13702,1.00,1.00
2016.12.07 07:14:45.965,9.13549,9.13706,1.00,1.00
2016.12.07 07:14:46.218,9.1356,9.13718,1.00,1.00
2016.12.07 07:14:46.464,9.13585,9.13744,1.00,1.00
2016.12.07 07:14:46.719,9.13594,9.13761,1.00,1.00
2016.12.07 07:14:46.870,9.13579,9.13763,1.00,1.00
2016.12.07 07:14:48.863,9.13587,9.13762,1.00,1.00
2016.12.07 07:14:50.454,9.13589,9.13762,1.00,1.00
2016.12.07 07:14:51.175,9.13604,9.13769,1.00,1.00
2016.12.07 07:14:51.378,9.13608,9.13775,1.00,1.00
2016.12.07 07:14:51.479,9.13597,9.1377,1.00,1.00
2016.12.07 07:14:52.215,9.13594,9.13764,1.00,1.00
2016.12.07 07:14:53.861,9.13568,9.13737,1.00,1.00
2016.12.07 07:14:54.164,9.13576,9.13734,1.00,1.00
2016.12.07 07:14:54.476,9.13582,9.13743,1.00,1.00
2016.12.07 07:14:54.893,9.13578,9.13736,1.00,1.00
2016.12.07 07:14:55.200,9.13604,9.13727,1.00,1.00
2016.12.07 07:14:55.352,9.13618,9.13742,1.00,1.00
2016.12.07 07:14:55.453,9.13629,9.13752,1.00,1.00
2016.12.07 07:14:55.604,9.13617,9.13755,1.00,1.00
2016.12.07 07:14:56.675,9.13632,9.13754,1.00,1.00
2016.12.07 07:14:56.839,9.13632,9.13758,1.00,1.00
2016.12.07 07:14:57.290,9.13658,9.13783,1.00,1.00
2016.12.07 07:14:57.795,9.13674,9.13798,1.00,1.00
2016.12.07 07:14:58.127,9.13697,9.1382,1.00,1.00
2016.12.07 07:14:58.240,9.13707,9.13831,1.00,1.00
2016.12.07 07:14:58.291,9.13688,9.13812,1.00,1.00
2016.12.07 07:14:58.594,9.13696,9.13819,1.00,1.00
2016.12.07 07:14:58.847,9.13685,9.13809,1.00,1.00
2016.12.07 07:14:58.948,9.13619,9.13767,1.00,1.00
2016.12.07 07:14:58.998,9.13612,9.13775,1.37,1.00
2016.12.07 07:14:59.100,9.13582,9.13706,1.37,1.00
2016.12.07 07:14:59.781,9.13582,9.13706,1.00,1.00
2016.12.07 07:15:00.192,9.13566,9.13711,1.00,1.00
2016.12.07 07:15:01.060,9.13563,9.13714,1.00,1.00
2016.12.07 07:15:05.506,9.13561,9.13712,1.00,1.00
2016.12.07 07:15:07.595,9.13557,9.13708,1.00,1.00
2016.12.07 07:15:08.263,9.13581,9.1376,1.00,1.00
2016.12.07 07:15:08.364,9.13571,9.13705,1.00,1.00
2016.12.07 07:15:08.414,9.13523,9.13692,1.00,1.00
2016.12.07 07:15:08.465,9.1355,9.13757,1.00,1.00
2016.12.07 07:15:08.516,9.13523,9.1364,1.00,1.00
2016.12.07 07:15:08.768,9.13454,9.13586,1.00,1.00
2016.12.07 07:15:09.121,9.13413,9.13556,1.00,1.00
2016.12.07 07:15:09.374,9.13397,9.13531,1.00,1.00
2016.12.07 07:15:09.793,9.13386,9.13518,1.00,1.00
2016.12.07 07:15:10.075,9.13378,9.13512,1.00,1.00
2016.12.07 07:15:11.093,9.1338,9.13515,1.00,1.00
2016.12.07 07:15:11.315,9.13383,9.13517,1.00,1.00
2016.12.07 07:15:11.638,9.13376,9.1351,1.00,1.00
2016.12.07 07:15:12.734,9.13361,9.13495,1.00,1.00
2016.12.07 07:15:13.040,9.13358,9.13492,1.00,1.00
2016.12.07 07:15:13.347,9.13346,9.1348,1.00,1.00
2016.12.07 07:15:14.252,9.13348,9.13483,1.00,1.00
2016.12.07 07:15:15.085,9.13342,9.13476,1.00,1.00
2016.12.07 07:15:15.411,9.13326,9.13461,1.00,1.00
2016.12.07 07:15:15.888,9.13313,9.13447,1.00,1.00
2016.12.07 07:15:16.377,9.13323,9.13457,1.00,1.00
2016.12.07 07:15:16.901,9.13314,9.13448,1.00,1.00
2016.12.07 07:15:17.209,9.13323,9.13457,1.00,1.00
2016.12.07 07:15:17.420,9.13315,9.1345,1.00,1.00
2016.12.07 07:15:17.471,9.13328,9.13477,1.00,1.00
2016.12.07 07:15:17.522,9.13343,9.13479,1.00,1.00
2016.12.07 07:15:18.428,9.13352,9.13486,1.00,1.00
2016.12.07 07:15:18.819,9.13342,9.13476,1.00,1.00
2016.12.07 07:15:19.726,9.13346,9.1348,1.00,1.00
2016.12.07 07:15:20.070,9.13352,9.13484,1.00,1.00
2016.12.07 07:15:20.438,9.13343,9.13485,1.00,1.00
2016.12.07 07:15:20.489,9.13318,9.13452,1.00,1.00
2016.12.07 07:15:20.794,9.13296,9.1343,1.00,1.00
2016.12.07 07:15:22.649,9.13302,9.13436,1.00,1.00
2016.12.07 07:15:23.435,9.13296,9.1343,1.00,1.00
2016.12.07 07:15:23.755,9.13294,9.13428,1.00,1.00
2016.12.07 07:15:25.864,9.13293,9.13427,1.00,1.00
2016.12.07 07:15:26.642,9.13271,9.13405,1.00,1.00
2016.12.07 07:15:26.693,9.13265,9.13403,1.00,1.00
2016.12.07 07:15:26.744,9.13255,9.13389,1.00,1.00
2016.12.07 07:15:27.749,9.13258,9.13393,1.00,1.00
2016.12.07 07:15:29.163,9.13264,9.13398,1.00,1.00
2016.12.07 07:15:30.441,9.1327,9.13404,1.00,1.00
2016.12.07 07:15:30.775,9.13262,9.13396,1.00,1.00
2016.12.07 07:15:31.264,9.13256,9.1339,1.00,1.00
2016.12.07 07:15:31.517,9.13258,9.13393,1.00,1.00
2016.12.07 07:15:31.618,9.13268,9.13402,1.00,1.00
2016.12.07 07:15:32.019,9.13279,9.13413,1.00,1.00
2016.12.07 07:15:33.803,9.13277,9.13411,1.00,1.00
2016.12.07 07:15:35.544,9.13276,9.1341,1.00,1.00
2016.12.07 07:15:35.798,9.13265,9.134,1.00,1.00
2016.12.07 07:15:35.950,9.13256,9.13395,1.00,1.00
2016.12.07 07:15:36.245,9.1325,9.13384,1.00,1.00
2016.12.07 07:15:36.631,9.13242,9.13377,1.00,1.00
2016.12.07 07:15:38.171,9.13263,9.13395,1.00,1.00
2016.12.07 07:15:38.222,9.13279,9.13413,1.00,1.00
2016.12.07 07:15:38.273,9.1331,9.13442,1.00,1.00
2016.12.07 07:15:38.435,9.13283,9.13417,1.00,1.00
2016.12.07 07:15:38.638,9.133,9.13434,1.00,1.00
2016.12.07 07:15:40.817,9.13304,9.13439,1.00,1.00
2016.12.07 07:15:41.525,9.13294,9.13426,1.00,1.00
2016.12.07 07:15:45.485,9.133,9.13434,1.00,1.00
2016.12.07 07:15:45.537,9.13307,9.13441,1.00,1.00
2016.12.07 07:15:46.487,9.13308,9.13442,1.00,1.00
2016.12.07 07:15:47.281,9.13333,9.13467,1.00,1.00
2016.12.07 07:15:47.589,9.13339,9.13471,1.00,1.00
2016.12.07 07:15:48.075,9.13333,9.13465,1.00,1.00
2016.12.07 07:15:48.833,9.13335,9.13469,1.00,1.00
2016.12.07 07:15:51.837,9.13353,9.13488,1.00,1.43
2016.12.07 07:15:52.140,9.1335,9.13484,1.00,1.00
2016.12.07 07:15:52.696,9.1336,9.13492,1.00,1.43
2016.12.07 07:15:53.117,9.13355,9.13489,1.00,1.43
2016.12.07 07:15:53.282,9.13349,9.13483,1.00,1.00
2016.12.07 07:15:53.332,9.13329,9.13463,1.00,1.00
2016.12.07 07:15:53.670,9.13319,9.13451,1.00,1.00
2016.12.07 07:15:53.772,9.13304,9.13439,1.00,1.00
2016.12.07 07:15:53.923,9.13288,9.13423,1.00,1.00
2016.12.07 07:15:54.319,9.13267,9.13401,1.00,1.00
2016.12.07 07:15:54.626,9.13284,9.13418,1.00,1.00
2016.12.07 07:15:54.677,9.13269,9.13414,1.00,1.00
2016.12.07 07:15:54.778,9.13297,9.13457,1.00,1.00
2016.12.07 07:15:54.930,9.13316,9.13474,1.00,1.00
2016.12.07 07:15:55.239,9.13337,9.13498,1.00,1.58
2016.12.07 07:15:55.340,9.13317,9.13468,1.00,1.00
2016.12.07 07:15:55.442,9.13309,9.13443,1.00,1.00
2016.12.07 07:15:55.896,9.13324,9.13458,1.00,1.00
2016.12.07 07:15:56.048,9.13348,9.13499,1.00,1.58
2016.12.07 07:15:56.200,9.13334,9.13485,1.00,1.00
2016.12.07 07:15:56.402,9.13321,9.13472,1.00,1.00
2016.12.07 07:15:57.369,9.13317,9.13468,1.00,1.00
2016.12.07 07:15:57.684,9.13341,9.1349,1.00,1.43
2016.12.07 07:15:57.875,9.13331,9.13483,1.00,1.00
2016.12.07 07:15:58.808,9.13341,9.13475,1.00,1.00
2016.12.07 07:15:58.925,9.1335,9.13485,1.00,1.00
2016.12.07 07:15:59.082,9.13347,9.13498,1.00,1.58
2016.12.07 07:15:59.183,9.13337,9.13488,1.00,1.43
2016.12.07 07:15:59.718,9.13344,9.13514,1.00,1.95
2016.12.07 07:16:02.947,9.133,9.1347,1.00,1.00
2016.12.07 07:16:03.048,9.13286,9.13454,1.00,1.00
2016.12.07 07:16:03.365,9.13279,9.13441,1.00,1.00
2016.12.07 07:16:03.924,9.13282,9.13444,1.00,1.00
2016.12.07 07:16:04.283,9.13274,9.13444,1.00,1.00
2016.12.07 07:16:04.334,9.13282,9.13444,1.00,1.00
2016.12.07 07:16:04.699,9.13282,9.13442,1.00,1.00
2016.12.07 07:16:05.562,9.13274,9.1344,1.00,1.00
2016.12.07 07:16:05.613,9.13259,9.13419,1.00,1.00
2016.12.07 07:16:05.916,9.13274,9.13434,1.00,1.00
2016.12.07 07:16:06.282,9.13287,9.13447,1.00,1.00
2016.12.07 07:16:07.082,9.13282,9.13442,1.00,1.00
2016.12.07 07:16:08.431,9.13287,9.13447,1.00,1.00
2016.12.07 07:16:08.840,9.13273,9.13433,1.00,1.00
2016.12.07 07:16:09.202,9.13279,9.13439,1.00,1.00
2016.12.07 07:16:09.504,9.13287,9.13447,1.00,1.00
2016.12.07 07:16:10.903,9.13288,9.13441,1.00,1.00
2016.12.07 07:16:11.787,9.13292,9.13445,1.00,1.00
2016.12.07 07:16:12.433,9.13285,9.13438,1.00,1.00
2016.12.07 07:16:12.986,9.1328,9.13432,1.00,1.00
2016.12.07 07:16:13.754,9.13287,9.13438,1.00,1.00
2016.12.07 07:16:15.524,9.13271,9.13403,1.00,1.00
2016.12.07 07:16:15.625,9.1328,9.13413,1.00,1.00
2016.12.07 07:16:17.922,9.13274,9.13406,1.00,1.00
2016.12.07 07:16:18.310,9.13279,9.1341,1.00,1.00
2016.12.07 07:16:19.015,9.1328,9.13413,1.00,1.00
2016.12.07 07:16:20.634,9.13281,9.13414,1.00,1.00
2016.12.07 07:16:21.615,9.13273,9.13405,1.00,1.00
2016.12.07 07:16:21.677,9.13264,9.13397,1.00,1.00
2016.12.07 07:16:21.728,9.13269,9.13402,1.00,1.00
2016.12.07 07:16:22.186,9.1326,9.13392,1.00,1.00
2016.12.07 07:16:22.337,9.1326,9.13395,1.00,1.00
2016.12.07 07:16:25.210,9.13265,9.13401,1.00,1.00
2016.12.07 07:16:25.424,9.13274,9.13409,1.00,1.00
2016.12.07 07:16:26.417,9.13277,9.13412,1.00,1.00
2016.12.07 07:16:29.197,9.1327,9.13406,1.00,1.00
2016.12.07 07:16:32.817,9.13277,9.13412,1.00,1.00
2016.12.07 07:16:33.714,9.1327,9.13406,1.00,1.00
2016.12.07 07:16:34.017,9.13266,9.13402,1.00,1.00
2016.12.07 07:16:34.588,9.13267,9.13401,1.00,1.00
2016.12.07 07:16:34.891,9.13275,9.13408,1.00,1.00
2016.12.07 07:16:34.942,9.1326,9.13395,1.00,1.00
2016.12.07 07:16:34.993,9.13242,9.13377,1.00,1.00
2016.12.07 07:16:35.044,9.13231,9.13367,1.00,1.00
2016.12.07 07:16:35.183,9.13208,9.13355,1.00,1.00
2016.12.07 07:16:35.336,9.13226,9.13361,1.00,1.00
2016.12.07 07:16:36.329,9.13223,9.13359,1.00,1.00
2016.12.07 07:16:37.733,9.13228,9.13363,1.00,1.00
2016.12.07 07:16:37.834,9.13223,9.13359,1.00,1.00
2016.12.07 07:16:37.885,9.13229,9.13364,1.00,1.00
2016.12.07 07:16:38.219,9.13222,9.13357,1.00,1.00
2016.12.07 07:16:39.291,9.13207,9.13351,1.00,1.00
2016.12.07 07:16:39.561,9.13221,9.13357,1.00,1.00
2016.12.07 07:16:39.911,9.13206,9.13341,1.00,1.00
2016.12.07 07:16:39.961,9.13194,9.1333,1.00,1.00
2016.12.07 07:16:40.012,9.13183,9.13318,1.00,1.00
2016.12.07 07:16:40.063,9.13195,9.13331,1.00,1.00
2016.12.07 07:16:40.367,9.1318,9.13316,1.00,1.00
2016.12.07 07:16:41.274,9.13191,9.13327,1.00,1.00
2016.12.07 07:16:41.601,9.13193,9.13329,1.00,1.00
2016.12.07 07:16:43.339,9.13201,9.13336,1.00,1.00
2016.12.07 07:16:43.389,9.13207,9.13343,1.00,1.00
2016.12.07 07:16:46.554,9.13218,9.13354,1.00,1.00
2016.12.07 07:16:46.883,9.13224,9.13358,1.00,1.00
2016.12.07 07:16:47.341,9.13235,9.13371,1.00,1.00
2016.12.07 07:16:48.623,9.13221,9.13357,1.00,1.00
2016.12.07 07:16:48.914,9.13192,9.1333,1.00,1.00
2016.12.07 07:16:49.612,9.13181,9.13316,1.00,1.00
2016.12.07 07:16:50.694,9.13178,9.13313,1.00,1.00
2016.12.07 07:16:55.407,9.13155,9.13289,1.00,1.00
2016.12.07 07:16:56.357,9.13158,9.13294,1.00,1.00
2016.12.07 07:16:58.583,9.13164,9.133,1.00,1.00
2016.12.07 07:17:00.501,9.13164,9.13298,1.00,1.00
2016.12.07 07:17:02.548,9.13151,9.13292,1.00,1.00
2016.12.07 07:17:02.599,9.13147,9.13289,1.00,1.00
2016.12.07 07:17:02.988,9.13148,9.13287,1.00,1.00
2016.12.07 07:17:03.292,9.13126,9.13259,1.00,1.00
2016.12.07 07:17:04.121,9.13123,9.13256,1.00,1.00
2016.12.07 07:17:05.725,9.13124,9.13257,1.00,1.00
2016.12.07 07:17:06.062,9.13133,9.13266,1.00,1.00
2016.12.07 07:17:07.984,9.13129,9.1326,1.00,1.00
2016.12.07 07:17:08.144,9.13133,9.13266,1.00,1.00
2016.12.07 07:17:08.421,9.13129,9.1326,1.00,1.00
2016.12.07 07:17:09.031,9.13133,9.13266,1.00,1.00
2016.12.07 07:17:10.996,9.13132,9.13265,1.00,1.00
2016.12.07 07:17:13.497,9.13137,9.13269,1.00,1.00
2016.12.07 07:17:15.407,9.13132,9.13265,1.00,1.00
2016.12.07 07:17:15.981,9.13127,9.1326,1.00,1.00
2016.12.07 07:17:16.479,9.13133,9.13266,1.00,1.00
2016.12.07 07:17:19.539,9.13133,9.13287,1.00,1.03
2016.12.07 07:17:20.388,9.13127,9.13281,1.00,1.00
2016.12.07 07:17:20.797,9.13132,9.13286,1.00,1.00
2016.12.07 07:17:26.026,9.13131,9.13286,1.00,1.00
2016.12.07 07:17:27.825,9.13108,9.13262,1.00,1.00
2016.12.07 07:17:28.839,9.1311,9.13265,1.00,1.00
2016.12.07 07:17:29.192,9.13104,9.13258,1.00,1.00
2016.12.07 07:17:29.830,9.13108,9.13262,1.00,1.00
2016.12.07 07:17:31.310,9.13124,9.13255,1.00,1.00
2016.12.07 07:17:31.412,9.13118,9.13251,1.00,1.00
2016.12.07 07:17:31.462,9.13099,9.1323,1.00,1.00
2016.12.07 07:17:31.563,9.13075,9.13208,1.00,1.00
2016.12.07 07:17:31.665,9.13051,9.13195,1.00,1.00
2016.12.07 07:17:31.766,9.13031,9.13197,1.00,1.00
2016.12.07 07:17:32.374,9.13036,9.13168,1.00,1.00
2016.12.07 07:17:32.574,9.13044,9.13185,1.00,1.00
2016.12.07 07:17:32.625,9.13036,9.13169,1.00,1.00
2016.12.07 07:17:32.951,9.13046,9.13178,1.00,1.00
2016.12.07 07:17:33.103,9.13024,9.1316,1.00,1.00
2016.12.07 07:17:33.355,9.13007,9.1317,1.00,1.00
2016.12.07 07:17:33.608,9.13004,9.13154,1.00,1.00
2016.12.07 07:17:34.047,9.12998,9.1315,1.00,1.00
2016.12.07 07:17:34.098,9.13002,9.13137,1.00,1.00
2016.12.07 07:17:34.354,9.13002,9.13161,1.00,1.00
2016.12.07 07:17:34.405,9.12995,9.13128,1.00,1.00
2016.12.07 07:17:34.827,9.13,9.13133,1.00,1.00
2016.12.07 07:17:35.121,9.12972,9.13124,1.00,1.00
2016.12.07 07:17:35.172,9.12953,9.13085,1.00,1.00
2016.12.07 07:17:35.608,9.12955,9.13089,1.00,1.00
2016.12.07 07:17:35.762,9.12961,9.13103,1.00,1.00
2016.12.07 07:17:36.668,9.12968,9.13118,1.00,1.00
2016.12.07 07:17:36.853,9.1296,9.13103,1.00,1.00
2016.12.07 07:17:37.245,9.12977,9.13109,1.00,1.00
2016.12.07 07:17:37.684,9.12971,9.13105,1.00,1.00
2016.12.07 07:17:38.418,9.12967,9.13101,1.00,1.00
2016.12.07 07:17:38.767,9.12976,9.1311,1.00,1.00
2016.12.07 07:17:39.110,9.12968,9.13102,1.00,1.00
2016.12.07 07:17:39.636,9.12972,9.13106,1.00,1.00
2016.12.07 07:17:39.965,9.12968,9.13102,1.00,1.00
2016.12.07 07:17:40.625,9.12972,9.13106,1.00,1.00
2016.12.07 07:17:41.616,9.12974,9.13108,1.00,1.00
2016.12.07 07:17:42.936,9.12948,9.13108,1.00,1.00
2016.12.07 07:17:42.987,9.12973,9.13107,1.00,1.00
2016.12.07 07:17:43.866,9.12978,9.13112,1.00,1.00
2016.12.07 07:17:45.121,9.12981,9.13107,1.00,1.03
2016.12.07 07:17:45.222,9.12981,9.13116,1.00,1.00
2016.12.07 07:17:46.873,9.12991,9.13125,1.00,1.00
2016.12.07 07:17:48.677,9.12965,9.13099,1.00,1.00
2016.12.07 07:17:49.042,9.12967,9.13101,1.00,1.00
2016.12.07 07:17:49.489,9.1298,9.13114,1.00,1.00
2016.12.07 07:17:50.465,9.12978,9.13112,1.00,1.00
2016.12.07 07:17:50.787,9.12965,9.13099,1.00,1.00
2016.12.07 07:17:51.328,9.12977,9.13112,1.00,1.00
2016.12.07 07:17:51.785,9.12989,9.13123,1.00,1.00
2016.12.07 07:17:52.088,9.12999,9.13134,1.00,1.00
2016.12.07 07:17:52.190,9.1302,9.13172,1.00,1.00
2016.12.07 07:17:52.291,9.13016,9.132,1.00,1.00
2016.12.07 07:17:52.772,9.12987,9.13122,1.00,1.00
2016.12.07 07:17:53.232,9.12994,9.13129,1.00,1.00
2016.12.07 07:17:54.355,9.13001,9.13141,1.00,1.00
2016.12.07 07:17:54.406,9.12992,9.13133,1.00,1.00
2016.12.07 07:17:54.456,9.12973,9.13113,1.00,1.00
2016.12.07 07:17:54.608,9.1298,9.13125,1.00,1.00
2016.12.07 07:17:54.956,9.12988,9.13138,1.00,1.00
2016.12.07 07:17:55.360,9.12999,9.13148,1.00,1.00
2016.12.07 07:17:56.063,9.12986,9.13135,1.00,1.00
2016.12.07 07:17:56.374,9.12988,9.13122,1.00,1.00
2016.12.07 07:17:57.063,9.12994,9.1313,1.00,1.00
2016.12.07 07:17:57.123,9.13001,9.13157,1.00,1.00
2016.12.07 07:17:57.276,9.13015,9.13162,1.00,1.00
2016.12.07 07:17:58.122,9.13027,9.13171,1.00,1.00
2016.12.07 07:17:59.112,9.13034,9.13168,1.00,1.00
2016.12.07 07:17:59.213,9.13019,9.13163,1.00,1.00
2016.12.07 07:17:59.315,9.13003,9.13147,1.00,1.00
2016.12.07 07:17:59.618,9.12995,9.13137,1.00,1.00
2016.12.07 07:18:00.498,9.13005,9.13147,1.00,1.00
2016.12.07 07:18:00.808,9.13011,9.13153,1.00,1.00
2016.12.07 07:18:04.151,9.13009,9.13151,1.00,1.00
2016.12.07 07:18:05.034,9.1301,9.1315,1.00,1.00
2016.12.07 07:18:06.075,9.13012,9.13155,1.00,1.00
2016.12.07 07:18:06.237,9.13016,9.13159,1.00,1.00
2016.12.07 07:18:07.035,9.13012,9.13155,1.00,1.00
2016.12.07 07:18:07.626,9.13016,9.13159,1.00,1.00
2016.12.07 07:18:08.619,9.13018,9.1316,1.00,1.00
2016.12.07 07:18:09.175,9.13022,9.13164,1.00,1.00
2016.12.07 07:18:09.494,9.13046,9.13188,1.00,1.00
2016.12.07 07:18:10.092,9.1304,9.13182,1.00,1.00
2016.12.07 07:18:10.193,9.13047,9.1319,1.00,1.00
2016.12.07 07:18:11.116,9.13043,9.1318,1.00,1.00
2016.12.07 07:18:11.982,9.13048,9.13185,1.00,1.00
2016.12.07 07:18:12.885,9.13047,9.13184,1.00,1.00
2016.12.07 07:18:19.132,9.13049,9.13184,1.00,1.00
2016.12.07 07:18:22.041,9.13075,9.13212,1.00,1.00
2016.12.07 07:18:22.092,9.13069,9.13206,1.00,1.00
2016.12.07 07:18:22.245,9.13039,9.13217,1.00,1.00
2016.12.07 07:18:23.031,9.13048,9.13226,1.00,1.00
2016.12.07 07:18:24.262,9.13057,9.13215,1.00,1.00
2016.12.07 07:18:24.647,9.13058,9.13194,1.00,1.00
2016.12.07 07:18:24.993,9.13049,9.13181,1.00,1.00
2016.12.07 07:18:25.528,9.13043,9.13176,1.00,1.00
2016.12.07 07:18:26.517,9.13043,9.13175,1.00,1.00
2016.12.07 07:18:26.675,9.13054,9.13187,1.00,1.00
2016.12.07 07:18:27.336,9.13042,9.13175,1.00,1.00
2016.12.07 07:18:27.651,9.13026,9.13159,1.00,1.00
2016.12.07 07:18:28.065,9.13016,9.13148,1.00,1.00
2016.12.07 07:18:28.468,9.13009,9.13142,1.00,1.00
2016.12.07 07:18:28.519,9.13018,9.1315,1.00,1.00
2016.12.07 07:18:28.569,9.13029,9.13162,1.00,1.00
2016.12.07 07:18:29.613,9.13033,9.13178,1.00,1.00
2016.12.07 07:18:30.366,9.13051,9.13182,1.00,1.00
2016.12.07 07:18:30.564,9.13064,9.13197,1.00,1.00
2016.12.07 07:18:30.665,9.13074,9.13206,1.00,1.00
2016.12.07 07:18:30.967,9.13078,9.1321,1.00,1.00
2016.12.07 07:18:31.372,9.13068,9.132,1.00,1.00
2016.12.07 07:18:31.423,9.13068,9.13218,1.00,1.00
2016.12.07 07:18:31.756,9.13108,9.1324,1.00,1.00
2016.12.07 07:18:31.959,9.13098,9.13231,1.00,1.00
2016.12.07 07:18:32.324,9.13063,9.13229,1.00,1.00
2016.12.07 07:18:32.375,9.13105,9.13238,1.00,1.00
2016.12.07 07:18:33.074,9.13119,9.13252,1.00,1.00
2016.12.07 07:18:34.178,9.13118,9.13251,1.00,1.00
2016.12.07 07:18:34.379,9.13061,9.13234,1.00,1.00
2016.12.07 07:18:34.430,9.13095,9.13234,1.00,1.00
2016.12.07 07:18:35.388,9.1311,9.13243,1.00,1.00
2016.12.07 07:18:35.618,9.13089,9.13249,1.00,1.00
2016.12.07 07:18:36.473,9.13099,9.13258,1.00,1.00
2016.12.07 07:18:36.524,9.13089,9.13249,1.00,1.00
2016.12.07 07:18:37.484,9.13093,9.13251,1.00,1.00
2016.12.07 07:18:38.238,9.13088,9.13245,1.00,1.00
2016.12.07 07:18:38.691,9.13094,9.13254,1.00,1.00
2016.12.07 07:18:41.117,9.13086,9.13245,1.00,1.00
2016.12.07 07:18:41.167,9.13092,9.13252,1.00,1.00
2016.12.07 07:18:41.218,9.13097,9.13251,1.00,1.00
2016.12.07 07:18:41.528,9.13106,9.1326,1.00,1.00
2016.12.07 07:18:41.579,9.1312,9.13275,1.00,1.00
2016.12.07 07:18:41.630,9.13139,9.13272,1.00,1.00
2016.12.07 07:18:41.933,9.13132,9.13265,1.00,1.00
2016.12.07 07:18:42.744,9.13131,9.13264,1.00,1.00
2016.12.07 07:18:43.190,9.13136,9.13269,1.00,1.00
2016.12.07 07:18:43.849,9.13098,9.1323,1.00,1.00
2016.12.07 07:18:44.875,9.13092,9.13224,1.00,1.00
2016.12.07 07:18:44.926,9.13085,9.13218,1.00,1.00
2016.12.07 07:18:45.324,9.13074,9.13204,1.00,1.00
2016.12.07 07:18:45.774,9.13089,9.13219,1.00,1.00
2016.12.07 07:18:46.364,9.13093,9.13226,1.00,1.00
2016.12.07 07:18:46.481,9.13088,9.1322,1.00,1.00
2016.12.07 07:18:47.198,9.13093,9.13226,1.00,1.00
2016.12.07 07:18:47.816,9.13088,9.1322,1.00,1.00
2016.12.07 07:18:48.291,9.13098,9.1323,1.00,1.00
2016.12.07 07:18:49.282,9.1309,9.13241,1.00,1.00
2016.12.07 07:18:49.978,9.13096,9.13246,1.00,1.00
2016.12.07 07:18:50.748,9.1309,9.13241,1.00,1.00
2016.12.07 07:18:54.360,9.13096,9.13246,1.00,1.00
2016.12.07 07:18:54.897,9.1309,9.13241,1.00,1.00
2016.12.07 07:18:56.212,9.13094,9.13242,1.00,1.00
2016.12.07 07:18:57.774,9.13099,9.13247,1.00,1.00
2016.12.07 07:18:58.776,9.131,9.13247,1.00,1.00
2016.12.07 07:18:59.133,9.13098,9.13245,1.00,1.00
2016.12.07 07:18:59.459,9.13091,9.13238,1.00,1.00
2016.12.07 07:18:59.801,9.13098,9.13245,1.00,1.00
2016.12.07 07:19:00.123,9.13091,9.13238,1.00,1.00
2016.12.07 07:19:00.503,9.13098,9.13245,1.00,1.00
2016.12.07 07:19:00.806,9.13128,9.13275,1.00,1.00
2016.12.07 07:19:01.142,9.13095,9.13242,1.00,1.00
2016.12.07 07:19:01.443,9.13134,9.13281,1.00,1.00
2016.12.07 07:19:01.747,9.13148,9.13281,1.00,1.00
2016.12.07 07:19:02.050,9.13149,9.13299,1.00,1.00
2016.12.07 07:19:02.631,9.13154,9.13304,1.00,1.00
2016.12.07 07:19:02.967,9.13162,9.13311,1.00,1.00
2016.12.07 07:19:03.303,9.13168,9.13316,1.00,1.00
2016.12.07 07:19:03.455,9.13175,9.13324,1.00,1.00
2016.12.07 07:19:04.222,9.13169,9.13319,1.00,1.00
2016.12.07 07:19:04.911,9.13175,9.13324,1.00,1.00
2016.12.07 07:19:05.255,9.13204,9.13337,1.00,1.00
2016.12.07 07:19:05.356,9.13212,9.13358,1.00,1.00
2016.12.07 07:19:05.581,9.1321,9.13345,1.00,1.00
2016.12.07 07:19:06.410,9.13218,9.13354,1.00,1.00
2016.12.07 07:19:07.583,9.13224,9.13357,1.00,1.00
2016.12.07 07:19:08.380,9.13228,9.13361,1.00,1.00
2016.12.07 07:19:08.683,9.13192,9.13325,1.00,1.00
2016.12.07 07:19:08.986,9.13209,9.13342,1.00,1.00
2016.12.07 07:19:09.036,9.13213,9.13362,1.00,1.00
2016.12.07 07:19:09.138,9.13256,9.13389,1.00,1.00
2016.12.07 07:19:09.486,9.13252,9.13385,1.00,1.00
2016.12.07 07:19:09.761,9.13262,9.13403,1.00,1.00
2016.12.07 07:19:09.913,9.13277,9.13408,1.00,1.00
2016.12.07 07:19:10.234,9.1328,9.13411,1.00,1.00
2016.12.07 07:19:10.336,9.13286,9.13419,1.00,1.00
2016.12.07 07:19:10.795,9.133,9.13438,1.00,1.00
2016.12.07 07:19:11.116,9.13303,9.13436,1.00,1.00
2016.12.07 07:19:11.611,9.13308,9.13441,1.00,1.00
2016.12.07 07:19:11.971,9.13288,9.1342,1.00,1.00
2016.12.07 07:19:12.122,9.13278,9.1342,1.00,1.00
2016.12.07 07:19:12.421,9.13297,9.1343,1.00,1.00
2016.12.07 07:19:12.724,9.13308,9.13441,1.00,1.00
2016.12.07 07:19:13.227,9.13307,9.1344,1.00,1.00
2016.12.07 07:19:13.743,9.13303,9.13435,1.00,1.00
2016.12.07 07:19:14.124,9.13284,9.13417,1.00,1.00
2016.12.07 07:19:14.175,9.13277,9.1341,1.00,1.00
2016.12.07 07:19:14.490,9.13262,9.13395,1.00,1.00
2016.12.07 07:19:15.191,9.13263,9.13396,1.00,1.00
2016.12.07 07:19:16.233,9.13259,9.13392,1.00,1.00
2016.12.07 07:19:17.248,9.13258,9.13391,1.00,1.00
2016.12.07 07:19:17.949,9.13253,9.13386,1.00,1.00
2016.12.07 07:19:18.873,9.13258,9.13386,1.39,1.00
2016.12.07 07:19:18.923,9.13253,9.13386,1.15,1.00
2016.12.07 07:19:18.974,9.13253,9.13386,1.15,1.00
2016.12.07 07:19:19.025,9.13253,9.13386,1.00,1.00
2016.12.07 07:19:19.076,9.13267,9.13384,1.30,1.00
2016.12.07 07:19:19.126,9.13253,9.13384,1.01,1.00
2016.12.07 07:19:19.177,9.13251,9.13384,1.00,1.00
2016.12.07 07:19:20.037,9.1326,9.13393,1.00,1.00
2016.12.07 07:19:20.390,9.13256,9.13389,1.00,1.00
2016.12.07 07:19:20.823,9.13242,9.13375,1.00,1.00
2016.12.07 07:19:21.381,9.13248,9.13381,1.00,1.00
2016.12.07 07:19:23.639,9.13255,9.13387,1.00,1.00
2016.12.07 07:19:29.232,9.13242,9.13384,1.00,1.00
2016.12.07 07:19:29.284,9.1324,9.13372,1.00,1.00
2016.12.07 07:19:29.336,9.13228,9.13361,1.00,1.00
2016.12.07 07:19:29.488,9.13214,9.13347,1.00,1.00
2016.12.07 07:19:29.793,9.13196,9.13328,1.00,1.00
2016.12.07 07:19:30.236,9.13189,9.13321,1.00,1.00
2016.12.07 07:19:30.783,9.13182,9.13315,1.00,1.00
2016.12.07 07:19:32.043,9.13187,9.13319,1.00,1.00
2016.12.07 07:19:33.559,9.13194,9.13327,1.00,1.00
2016.12.07 07:19:33.778,9.13187,9.13319,1.00,1.00
2016.12.07 07:19:34.091,9.13191,9.13324,1.00,1.00
2016.12.07 07:19:34.142,9.13183,9.13316,1.00,1.00
2016.12.07 07:19:34.479,9.13192,9.13325,1.00,1.00
2016.12.07 07:19:34.913,9.13186,9.13318,1.00,1.00
2016.12.07 07:19:35.092,9.13192,9.13325,1.00,1.00
2016.12.07 07:19:36.096,9.13196,9.13329,1.00,1.00
2016.12.07 07:19:36.515,9.13191,9.13321,1.00,1.00
2016.12.07 07:19:38.389,9.13187,9.13319,1.00,1.00
2016.12.07 07:19:38.938,9.13154,9.13318,1.00,1.00
2016.12.07 07:19:39.916,9.13189,9.1332,1.00,1.00
2016.12.07 07:19:41.295,9.13189,9.13322,1.00,1.00
2016.12.07 07:19:41.719,9.13156,9.13321,1.00,1.00
2016.12.07 07:19:42.330,9.1319,9.13323,1.00,1.00
2016.12.07 07:19:45.279,9.1316,9.13322,1.00,1.00
2016.12.07 07:19:49.313,9.13161,9.13323,1.00,1.00
2016.12.07 07:19:50.813,9.13166,9.13327,1.00,1.00
2016.12.07 07:19:54.581,9.13159,9.13321,1.00,1.00
2016.12.07 07:19:54.632,9.13152,9.13313,1.00,1.00
2016.12.07 07:19:54.682,9.13157,9.13319,1.00,1.00
2016.12.07 07:19:56.326,9.13165,9.13319,1.00,1.00
2016.12.07 07:19:56.703,9.1316,9.13314,1.00,1.00
2016.12.07 07:19:58.067,9.13162,9.13314,1.00,1.00
2016.12.07 07:19:58.502,9.13162,9.13311,1.00,1.00
2016.12.07 07:19:58.604,9.1316,9.13319,1.00,1.00
2016.12.07 07:19:58.806,9.13156,9.13289,1.00,1.00
2016.12.07 07:19:59.597,9.13163,9.13294,1.00,1.00
2016.12.07 07:20:00.400,9.1315,9.13282,1.00,1.00
2016.12.07 07:20:00.603,9.13145,9.13277,1.00,1.00
2016.12.07 07:20:00.855,9.13156,9.13289,1.00,1.00
2016.12.07 07:20:01.402,9.13127,9.13294,1.00,1.00
2016.12.07 07:20:01.558,9.13118,9.13251,1.00,1.00
2016.12.07 07:20:01.609,9.13105,9.13256,1.00,1.00
2016.12.07 07:20:01.861,9.13095,9.13245,1.00,1.00
2016.12.07 07:20:02.829,9.13097,9.13247,1.00,1.00
2016.12.07 07:20:03.168,9.13101,9.13251,1.00,1.00
2016.12.07 07:20:03.393,9.13146,9.13302,1.00,1.00
2016.12.07 07:20:03.495,9.13167,9.13317,1.00,1.00
2016.12.07 07:20:03.800,9.1318,9.13312,1.00,1.00
2016.12.07 07:20:03.851,9.13178,9.13311,1.00,1.00
2016.12.07 07:20:04.106,9.13154,9.13297,1.00,1.00
2016.12.07 07:20:04.207,9.13158,9.13291,1.00,1.00
2016.12.07 07:20:04.549,9.13218,9.1335,1.00,1.00
2016.12.07 07:20:04.852,9.13212,9.13344,1.00,1.00
2016.12.07 07:20:05.155,9.13198,9.1333,1.00,1.00
2016.12.07 07:20:05.499,9.13185,9.13318,1.00,1.00
2016.12.07 07:20:05.600,9.13187,9.1332,1.00,1.00
2016.12.07 07:20:05.852,9.13162,9.13307,1.00,1.00
2016.12.07 07:20:06.107,9.13181,9.13314,1.00,1.00
2016.12.07 07:20:07.106,9.13186,9.13319,1.00,1.00
2016.12.07 07:20:07.696,9.13192,9.13324,1.00,1.00
2016.12.07 07:20:08.025,9.13198,9.13329,1.00,1.00
2016.12.07 07:20:10.008,9.13185,9.13318,1.00,1.00
2016.12.07 07:20:10.059,9.13191,9.13323,1.00,1.00
2016.12.07 07:20:11.042,9.13185,9.13316,1.00,1.00
2016.12.07 07:20:12.045,9.13183,9.13316,1.00,1.00
2016.12.07 07:20:12.581,9.13149,9.13281,1.00,1.00
2016.12.07 07:20:12.682,9.13141,9.13274,1.00,1.00
2016.12.07 07:20:12.733,9.13146,9.13279,1.00,1.00
2016.12.07 07:20:13.081,9.13157,9.13289,1.00,1.00
2016.12.07 07:20:13.829,9.13151,9.13284,1.00,1.00
2016.12.07 07:20:15.058,9.1315,9.13284,1.00,1.00
2016.12.07 07:20:16.956,9.13154,9.13288,1.00,1.00
2016.12.07 07:20:21.115,9.13153,9.13287,1.00,1.00
2016.12.07 07:20:21.667,9.13152,9.13287,1.00,1.00
2016.12.07 07:20:22.238,9.13153,9.13287,1.00,1.00
2016.12.07 07:20:23.497,9.13153,9.13299,1.00,1.00
2016.12.07 07:20:23.548,9.13145,9.13357,1.60,1.12
2016.12.07 07:20:23.599,9.13168,9.13357,1.00,1.12
2016.12.07 07:20:23.900,9.1324,9.13379,1.00,1.00
2016.12.07 07:20:24.203,9.13273,9.13407,1.00,1.00
2016.12.07 07:20:24.576,9.13245,9.13396,1.00,1.00
2016.12.07 07:20:24.627,9.13279,9.13413,1.00,1.00
2016.12.07 07:20:24.930,9.13297,9.13431,1.00,1.00
2016.12.07 07:20:25.241,9.13312,9.13446,1.00,1.00
2016.12.07 07:20:25.607,9.13322,9.13456,1.00,1.00
2016.12.07 07:20:26.387,9.1333,9.13464,1.00,1.00
2016.12.07 07:20:28.173,9.13331,9.13465,1.00,1.00
2016.12.07 07:20:28.224,9.13336,9.13471,1.00,1.00
2016.12.07 07:20:28.326,9.13348,9.1348,1.00,1.00
2016.12.07 07:20:28.880,9.13317,9.13471,1.00,1.00
2016.12.07 07:20:28.931,9.13321,9.13455,1.00,1.00
2016.12.07 07:20:29.233,9.13301,9.13435,1.00,1.00
2016.12.07 07:20:29.919,9.1329,9.13424,1.00,1.00
2016.12.07 07:20:30.513,9.13289,9.13424,1.00,1.00
2016.12.07 07:20:30.564,9.13294,9.1343,1.00,1.00
2016.12.07 07:20:30.615,9.13311,9.13447,1.00,1.00
2016.12.07 07:20:30.918,9.13336,9.13471,1.00,1.00
2016.12.07 07:20:31.664,9.13346,9.13482,1.00,1.00
2016.12.07 07:20:31.765,9.13372,9.13507,1.00,1.00
2016.12.07 07:20:32.710,9.13367,9.13503,1.00,1.00
2016.12.07 07:20:33.608,9.13359,9.13495,1.00,1.00
2016.12.07 07:20:33.910,9.13333,9.13469,1.00,1.00
2016.12.07 07:20:34.227,9.13352,9.13487,1.00,1.00
2016.12.07 07:20:34.530,9.13358,9.13493,1.00,1.00
2016.12.07 07:20:35.018,9.13364,9.13499,1.00,1.00
2016.12.07 07:20:35.326,9.13368,9.13507,1.00,1.00
2016.12.07 07:20:36.335,9.13368,9.13505,1.00,1.00
2016.12.07 07:20:36.428,9.1336,9.13499,1.00,1.00
2016.12.07 07:20:36.771,9.13372,9.1351,1.00,1.00
2016.12.07 07:20:36.873,9.13366,9.13516,1.00,1.00
2016.12.07 07:20:38.325,9.13384,9.13535,1.00,1.00
2016.12.07 07:20:38.759,9.13391,9.13542,1.00,1.00
2016.12.07 07:20:39.105,9.13398,9.13538,1.00,1.00
2016.12.07 07:20:41.417,9.13401,9.13545,1.00,1.00
2016.12.07 07:20:45.209,9.13402,9.13545,1.00,1.00
2016.12.07 07:20:49.076,9.13406,9.13549,1.00,1.00
2016.12.07 07:20:50.344,9.13417,9.13561,1.00,1.00
2016.12.07 07:20:50.577,9.13413,9.13557,1.00,1.00
2016.12.07 07:20:51.666,9.13406,9.1355,1.00,1.00
2016.12.07 07:20:51.994,9.13413,9.13557,1.00,1.00
2016.12.07 07:20:52.649,9.13406,9.1355,1.00,1.00
2016.12.07 07:20:54.540,9.13414,9.13558,1.00,1.00
2016.12.07 07:20:55.114,9.13427,9.13571,1.00,1.00
2016.12.07 07:20:55.449,9.13437,9.13581,1.00,1.00
2016.12.07 07:20:55.750,9.13406,9.13543,1.00,1.00
2016.12.07 07:20:56.551,9.13411,9.1355,1.00,1.00
2016.12.07 07:20:58.189,9.13413,9.13553,1.00,1.00
2016.12.07 07:21:04.463,9.13415,9.13556,1.00,1.00
2016.12.07 07:21:06.205,9.13412,9.13552,1.00,1.00
2016.12.07 07:21:07.373,9.13416,9.13557,1.00,1.00
2016.12.07 07:21:11.490,9.13414,9.13556,1.00,1.00
2016.12.07 07:21:12.516,9.13417,9.13559,1.00,1.00
2016.12.07 07:21:12.932,9.13418,9.13566,1.00,1.00
2016.12.07 07:21:13.042,9.13417,9.1357,1.00,1.00
2016.12.07 07:21:13.093,9.1344,9.13582,1.00,1.00
2016.12.07 07:21:13.346,9.13441,9.13601,1.00,1.00
2016.12.07 07:21:13.537,9.1342,9.13597,1.00,1.00
2016.12.07 07:21:14.009,9.1343,9.13581,1.00,1.00
2016.12.07 07:21:14.371,9.1342,9.13571,1.00,1.00
2016.12.07 07:21:14.739,9.13427,9.13572,1.00,1.00
2016.12.07 07:21:15.071,9.13437,9.13581,1.00,1.00
2016.12.07 07:21:15.351,9.1342,9.13583,1.00,1.00
2016.12.07 07:21:15.503,9.13425,9.13559,1.00,1.00
2016.12.07 07:21:15.604,9.13411,9.13557,1.00,1.00
2016.12.07 07:21:15.863,9.13421,9.13566,1.00,1.00
2016.12.07 07:21:16.165,9.13414,9.13549,1.00,1.00
2016.12.07 07:21:16.368,9.13405,9.13543,1.00,1.00
2016.12.07 07:21:16.863,9.13415,9.13548,1.00,1.00
2016.12.07 07:21:17.107,9.1341,9.13549,1.00,1.00
2016.12.07 07:21:17.336,9.13406,9.13547,1.00,1.00
2016.12.07 07:21:18.980,9.13398,9.13534,1.00,1.00
2016.12.07 07:21:26.507,9.13394,9.13534,1.00,1.00
2016.12.07 07:21:27.667,9.13386,9.13523,1.00,1.00
2016.12.07 07:21:28.667,9.13384,9.13527,1.00,1.00
2016.12.07 07:21:34.524,9.13388,9.1353,1.00,1.00
2016.12.07 07:21:36.265,9.13384,9.13527,1.00,1.00
2016.12.07 07:21:41.587,9.13384,9.13524,1.00,1.00
2016.12.07 07:21:42.934,9.13389,9.13529,1.00,1.00
2016.12.07 07:21:43.237,9.13351,9.13489,1.00,1.00
2016.12.07 07:21:43.555,9.13347,9.13484,1.00,1.00
2016.12.07 07:21:43.606,9.1332,9.13458,1.00,1.00
2016.12.07 07:21:43.657,9.13306,9.13445,1.00,1.00
2016.12.07 07:21:43.758,9.13284,9.13423,1.00,1.00
2016.12.07 07:21:43.859,9.13286,9.13435,1.00,1.00
