2016.12.02 12:00:01.157,9.21423,9.21576,1.00,1.00
2016.12.02 12:00:02.165,9.2142,9.21575,1.00,1.00
2016.12.02 12:00:03.846,9.2142,9.21574,1.00,1.00
2016.12.02 12:00:05.564,9.21424,9.21578,1.00,1.00
2016.12.02 12:00:05.716,9.21426,9.21581,1.00,1.00
2016.12.02 12:00:06.695,9.21427,9.21582,1.00,1.00
2016.12.02 12:00:07.024,9.21423,9.21575,1.00,1.00
2016.12.02 12:00:08.849,9.21422,9.21565,1.00,1.00
2016.12.02 12:00:09.180,9.21417,9.21559,1.00,1.00
2016.12.02 12:00:09.848,9.21412,9.21553,1.00,1.00
2016.12.02 12:00:12.001,9.21416,9.21559,1.00,1.00
2016.12.02 12:00:12.568,9.21423,9.21566,1.00,1.00
2016.12.02 12:00:12.825,9.21465,9.21612,1.00,1.00
2016.12.02 12:00:12.876,9.21465,9.21626,1.00,1.00
2016.12.02 12:00:13.672,9.21457,9.21623,1.00,1.00
2016.12.02 12:00:15.709,9.21463,9.21626,1.00,1.00
2016.12.02 12:00:16.218,9.21458,9.21622,1.00,1.00
2016.12.02 12:00:18.191,9.21453,9.21609,1.00,1.00
2016.12.02 12:00:23.881,9.21462,9.21605,1.00,1.00
2016.12.02 12:00:25.934,9.21464,9.21607,1.00,1.00
2016.12.02 12:00:26.929,9.2146,9.21601,1.00,1.00
2016.12.02 12:00:26.980,9.21464,9.21607,1.00,1.00
2016.12.02 12:00:27.503,9.21456,9.21599,1.00,1.00
2016.12.02 12:00:27.725,9.2149,9.21634,1.00,1.00
2016.12.02 12:00:27.930,9.21472,9.21637,1.00,1.00
2016.12.02 12:00:27.981,9.21473,9.21616,1.00,1.00
2016.12.02 12:00:28.166,9.21475,9.21639,1.00,1.00
2016.12.02 12:00:28.947,9.2147,9.21634,1.00,1.00
2016.12.02 12:00:31.873,9.21467,9.21629,1.00,1.00
2016.12.02 12:00:32.893,9.21465,9.21627,1.00,1.00
2016.12.02 12:00:33.739,9.21473,9.21616,1.00,1.00
2016.12.02 12:00:34.526,9.21498,9.21641,1.00,1.00
2016.12.02 12:00:34.829,9.2152,9.21662,1.00,1.00
2016.12.02 12:00:34.931,9.21508,9.21651,1.00,1.00
2016.12.02 12:00:35.706,9.21514,9.21655,1.00,1.00
2016.12.02 12:00:37.014,9.21501,9.21674,1.00,1.00
2016.12.02 12:00:37.277,9.21501,9.21678,1.00,1.00
2016.12.02 12:00:37.634,9.21505,9.21678,1.00,1.00
2016.12.02 12:00:38.356,9.21508,9.21687,1.00,1.00
2016.12.02 12:00:38.895,9.21511,9.21676,1.00,1.00
2016.12.02 12:00:39.636,9.21512,9.21676,1.00,1.00
2016.12.02 12:00:40.177,9.21511,9.21676,1.00,1.00
2016.12.02 12:00:40.992,9.21513,9.21683,1.00,1.00
2016.12.02 12:00:42.466,9.21505,9.21672,1.00,1.00
2016.12.02 12:00:42.768,9.21505,9.21641,1.00,1.00
2016.12.02 12:00:42.819,9.21472,9.21641,1.50,1.00
2016.12.02 12:00:43.477,9.21472,9.21635,1.00,1.00
2016.12.02 12:00:46.146,9.21475,9.21644,1.00,1.00
2016.12.02 12:00:46.778,9.21472,9.21638,1.00,1.00
2016.12.02 12:00:48.982,9.21472,9.21636,1.00,1.00
2016.12.02 12:00:49.300,9.21472,9.21628,1.00,1.00
2016.12.02 12:00:49.603,9.2144,9.21596,1.00,1.00
2016.12.02 12:00:50.611,9.2144,9.21594,1.00,1.00
2016.12.02 12:00:51.144,9.2144,9.21586,1.00,1.00
2016.12.02 12:00:51.346,9.21413,9.21569,1.00,1.00
2016.12.02 12:00:51.585,9.21414,9.21578,1.00,1.00
2016.12.02 12:00:52.622,9.21419,9.21583,1.00,1.00
2016.12.02 12:00:53.939,9.21422,9.2158,1.00,1.00
2016.12.02 12:00:54.452,9.21413,9.21574,1.00,1.00
2016.12.02 12:00:54.503,9.21413,9.21563,1.00,1.00
2016.12.02 12:00:54.554,9.21413,9.21576,1.00,1.00
2016.12.02 12:00:55.007,9.21415,9.21573,1.00,1.00
2016.12.02 12:00:55.466,9.21435,9.21593,1.00,1.00
2016.12.02 12:00:55.841,9.21447,9.21587,1.00,1.00
2016.12.02 12:00:55.892,9.21422,9.21583,1.00,1.00
2016.12.02 12:01:00.102,9.21425,9.21587,1.00,1.00
2016.12.02 12:01:01.266,9.2142,9.21581,1.00,1.00
2016.12.02 12:01:01.461,9.21419,9.21599,1.00,1.00
2016.12.02 12:01:01.850,9.21413,9.2159,1.00,1.00
2016.12.02 12:01:02.359,9.21414,9.21595,1.00,1.00
2016.12.02 12:01:02.854,9.21421,9.21601,1.00,1.00
2016.12.02 12:01:03.386,9.21423,9.2158,1.00,1.00
2016.12.02 12:01:04.011,9.21426,9.21582,1.00,1.00
2016.12.02 12:01:04.992,9.21419,9.21577,1.00,1.00
2016.12.02 12:01:05.995,9.21418,9.21576,1.00,1.00
2016.12.02 12:01:08.946,9.21419,9.21576,1.00,1.00
2016.12.02 12:01:10.362,9.2142,9.21628,1.00,1.00
2016.12.02 12:01:10.413,9.21441,9.21638,1.00,1.00
2016.12.02 12:01:10.722,9.21493,9.21635,1.00,1.00
2016.12.02 12:01:11.114,9.21475,9.21616,1.00,1.00
2016.12.02 12:01:11.419,9.21468,9.2161,1.00,1.00
2016.12.02 12:01:13.272,9.21474,9.21616,1.00,1.00
2016.12.02 12:01:13.865,9.21468,9.2161,1.00,1.00
2016.12.02 12:01:14.088,9.21448,9.21612,1.00,1.00
2016.12.02 12:01:14.338,9.21472,9.21613,1.00,1.00
2016.12.02 12:01:14.534,9.21452,9.21614,1.00,1.00
2016.12.02 12:01:15.940,9.21457,9.21619,1.00,1.00
2016.12.02 12:01:19.867,9.21451,9.21625,1.00,1.00
2016.12.02 12:01:20.067,9.21453,9.21627,1.00,1.00
2016.12.02 12:01:20.400,9.21482,9.21623,1.00,1.00
2016.12.02 12:01:21.052,9.2149,9.21633,1.00,1.00
2016.12.02 12:01:21.553,9.21477,9.2163,1.00,1.00
2016.12.02 12:01:23.977,9.21477,9.21628,1.00,1.00
2016.12.02 12:01:24.489,9.21483,9.21624,1.00,1.00
2016.12.02 12:01:24.788,9.21479,9.2163,1.00,1.00
2016.12.02 12:01:24.839,9.21477,9.21601,1.00,1.00
2016.12.02 12:01:24.978,9.21477,9.21614,1.00,1.00
2016.12.02 12:01:25.776,9.21477,9.21608,1.00,1.00
2016.12.02 12:01:26.171,9.21477,9.21606,1.00,1.00
2016.12.02 12:01:29.538,9.21477,9.21611,1.00,1.00
2016.12.02 12:01:30.103,9.21477,9.21601,1.00,1.00
2016.12.02 12:01:30.575,9.21477,9.21605,1.00,1.00
2016.12.02 12:01:30.625,9.21477,9.21597,1.00,1.00
2016.12.02 12:01:30.726,9.21442,9.21583,1.00,1.00
2016.12.02 12:01:31.993,9.21441,9.2158,1.00,1.00
2016.12.02 12:01:33.429,9.21444,9.21585,1.00,1.00
2016.12.02 12:01:34.383,9.21441,9.21582,1.50,1.00
2016.12.02 12:01:35.393,9.21445,9.21586,1.00,1.00
2016.12.02 12:01:36.390,9.21441,9.21582,1.50,1.00
2016.12.02 12:01:36.876,9.21441,9.21574,1.00,1.00
2016.12.02 12:01:37.691,9.21441,9.21579,1.00,1.00
2016.12.02 12:01:38.908,9.21441,9.21573,1.00,1.00
2016.12.02 12:01:39.431,9.21441,9.21574,1.00,1.00
2016.12.02 12:01:39.709,9.21441,9.21581,1.50,1.00
2016.12.02 12:01:39.898,9.21441,9.21576,1.00,1.00
2016.12.02 12:01:40.340,9.21441,9.21569,1.00,1.00
2016.12.02 12:01:44.106,9.21441,9.21593,1.00,1.00
2016.12.02 12:01:44.157,9.21441,9.21579,1.00,1.00
2016.12.02 12:01:45.340,9.21441,9.21571,1.00,1.00
2016.12.02 12:01:45.447,9.2141,9.21571,1.00,1.00
2016.12.02 12:01:46.186,9.21425,9.21585,1.00,1.00
2016.12.02 12:01:46.489,9.21436,9.21594,1.00,1.00
2016.12.02 12:01:46.993,9.21428,9.21588,1.00,1.00
2016.12.02 12:01:47.415,9.21419,9.21579,1.00,1.00
2016.12.02 12:01:47.996,9.21425,9.21585,1.00,1.00
2016.12.02 12:01:48.386,9.21419,9.21579,1.00,1.00
2016.12.02 12:01:48.866,9.21436,9.21579,1.00,1.00
2016.12.02 12:01:49.389,9.21436,9.21577,1.00,1.00
2016.12.02 12:01:49.786,9.21452,9.21615,1.00,1.00
2016.12.02 12:01:50.267,9.21452,9.21593,1.00,1.00
2016.12.02 12:01:51.230,9.21456,9.21614,1.00,1.00
2016.12.02 12:01:51.736,9.21455,9.21615,1.00,1.00
2016.12.02 12:02:00.849,9.21468,9.21628,1.00,1.00
2016.12.02 12:02:01.169,9.21473,9.21632,1.00,1.00
2016.12.02 12:02:01.802,9.21467,9.21627,1.00,1.00
2016.12.02 12:02:03.809,9.21471,9.21631,1.00,1.00
2016.12.02 12:02:05.613,9.21474,9.21658,1.00,1.00
2016.12.02 12:02:05.664,9.21509,9.21658,1.00,1.00
2016.12.02 12:02:05.715,9.21509,9.21669,1.00,1.00
2016.12.02 12:02:06.515,9.21515,9.21675,1.00,1.00
2016.12.02 12:02:08.346,9.2151,9.21668,1.00,1.00
2016.12.02 12:02:08.457,9.21496,9.21656,1.00,1.00
2016.12.02 12:02:08.558,9.21508,9.21668,1.00,1.00
2016.12.02 12:02:08.897,9.21516,9.21676,1.00,1.00
2016.12.02 12:02:09.305,9.21506,9.21675,1.00,1.00
2016.12.02 12:02:10.260,9.21501,9.21669,1.00,1.00
2016.12.02 12:02:11.023,9.21494,9.21662,1.00,1.00
2016.12.02 12:02:11.074,9.21492,9.21661,1.00,1.00
2016.12.02 12:02:11.175,9.21506,9.21672,1.00,1.00
2016.12.02 12:02:11.353,9.21495,9.21662,1.00,1.00
2016.12.02 12:02:12.014,9.21506,9.21672,1.00,1.00
2016.12.02 12:02:12.872,9.21498,9.2167,1.00,1.00
2016.12.02 12:02:12.923,9.21492,9.21658,1.00,1.00
2016.12.02 12:02:13.075,9.21501,9.21668,1.00,1.00
2016.12.02 12:02:13.338,9.21492,9.21659,1.00,1.00
2016.12.02 12:02:15.146,9.21507,9.21674,1.00,1.00
2016.12.02 12:02:15.247,9.21499,9.2167,1.00,1.00
2016.12.02 12:02:15.297,9.21496,9.21644,1.00,1.00
2016.12.02 12:02:15.600,9.21511,9.21659,1.00,1.00
2016.12.02 12:02:16.355,9.21517,9.21665,1.00,1.00
2016.12.02 12:02:16.579,9.21507,9.21656,1.00,1.00
2016.12.02 12:02:17.059,9.215,9.21672,1.00,1.00
2016.12.02 12:02:17.517,9.21505,9.21646,1.00,1.00
2016.12.02 12:02:17.625,9.21497,9.21639,1.00,1.00
2016.12.02 12:02:18.518,9.21503,9.21644,1.00,1.00
2016.12.02 12:02:19.520,9.21498,9.2164,1.00,1.00
2016.12.02 12:02:20.523,9.21498,9.21638,1.00,1.00
2016.12.02 12:02:21.299,9.21491,9.21662,1.00,1.00
2016.12.02 12:02:21.501,9.21487,9.21651,1.00,1.00
2016.12.02 12:02:21.552,9.21485,9.21651,1.00,1.00
2016.12.02 12:02:21.920,9.2148,9.21651,1.00,1.00
2016.12.02 12:02:22.290,9.21474,9.21645,1.00,1.00
2016.12.02 12:02:23.115,9.21477,9.21645,1.00,1.00
2016.12.02 12:02:23.267,9.21477,9.21647,1.00,1.00
2016.12.02 12:02:24.096,9.21488,9.21645,1.00,1.00
2016.12.02 12:02:24.810,9.21493,9.21634,1.00,1.00
2016.12.02 12:02:25.012,9.21498,9.21667,1.00,1.00
2016.12.02 12:02:25.232,9.21501,9.21642,1.00,1.00
2016.12.02 12:02:25.920,9.21498,9.21667,1.00,1.00
2016.12.02 12:02:26.014,9.21501,9.21642,1.00,1.00
2016.12.02 12:02:26.144,9.21498,9.21667,1.00,1.00
2016.12.02 12:02:26.295,9.21501,9.21642,1.00,1.00
2016.12.02 12:02:26.915,9.21501,9.21667,1.00,1.00
2016.12.02 12:02:27.017,9.21501,9.21642,1.00,1.00
2016.12.02 12:02:27.068,9.21498,9.21667,1.00,1.00
2016.12.02 12:02:27.368,9.21501,9.21642,1.00,1.00
2016.12.02 12:02:27.925,9.21498,9.21667,1.00,1.00
2016.12.02 12:02:28.088,9.21501,9.21642,1.00,1.00
2016.12.02 12:02:28.139,9.21498,9.21667,1.00,1.00
2016.12.02 12:02:28.190,9.21501,9.21642,1.00,1.00
2016.12.02 12:02:28.863,9.21501,9.21667,1.00,1.00
2016.12.02 12:02:29.977,9.21505,9.21677,1.00,1.00
2016.12.02 12:02:30.028,9.21512,9.21654,1.00,1.00
2016.12.02 12:02:31.022,9.21514,9.21654,1.00,1.00
2016.12.02 12:02:32.025,9.21509,9.21649,1.00,1.00
2016.12.02 12:02:33.186,9.21515,9.21655,1.00,1.00
2016.12.02 12:02:34.154,9.21516,9.21669,1.00,1.00
2016.12.02 12:02:34.205,9.21542,9.2168,1.00,1.00
2016.12.02 12:02:35.207,9.21537,9.21678,1.00,1.00
2016.12.02 12:02:39.167,9.21532,9.21672,1.00,1.00
2016.12.02 12:02:40.165,9.21527,9.21668,1.00,1.00
2016.12.02 12:02:41.496,9.21526,9.21711,1.00,1.00
2016.12.02 12:02:41.547,9.21568,9.21708,1.00,1.00
2016.12.02 12:02:41.598,9.21544,9.21717,1.00,1.00
2016.12.02 12:02:41.648,9.21557,9.2173,1.00,1.00
2016.12.02 12:02:42.055,9.21569,9.2173,1.00,1.00
2016.12.02 12:02:42.106,9.21557,9.2173,1.00,1.00
2016.12.02 12:02:42.536,9.21561,9.21734,1.00,1.00
2016.12.02 12:02:43.898,9.21581,9.21733,1.00,1.00
2016.12.02 12:02:46.172,9.21575,9.21728,1.00,1.00
2016.12.02 12:02:48.261,9.21568,9.2171,1.00,1.00
2016.12.02 12:02:49.248,9.21573,9.21715,1.00,1.00
2016.12.02 12:02:53.036,9.21568,9.2171,1.00,1.00
2016.12.02 12:02:53.440,9.21525,9.21667,1.00,1.00
2016.12.02 12:02:54.199,9.21522,9.21665,1.00,1.00
2016.12.02 12:02:56.233,9.21525,9.21676,1.00,1.00
2016.12.02 12:02:59.437,9.2152,9.21672,1.00,1.00
2016.12.02 12:02:59.539,9.21494,9.21646,1.00,1.00
2016.12.02 12:03:00.014,9.21489,9.21669,1.00,1.00
2016.12.02 12:03:00.065,9.21519,9.21671,1.00,1.00
2016.12.02 12:03:00.221,9.21498,9.21669,1.00,1.00
2016.12.02 12:03:00.534,9.21507,9.21657,1.00,1.00
2016.12.02 12:03:00.950,9.21524,9.21675,1.00,1.00
2016.12.02 12:03:01.152,9.21512,9.21663,1.00,1.00
2016.12.02 12:03:01.874,9.21521,9.21671,1.00,1.00
2016.12.02 12:03:02.863,9.21525,9.21676,1.00,1.00
2016.12.02 12:03:04.161,9.2153,9.21679,1.00,1.00
2016.12.02 12:03:04.212,9.21537,9.21688,1.00,1.00
2016.12.02 12:03:05.310,9.2153,9.21679,1.00,1.00
2016.12.02 12:03:05.379,9.21524,9.21675,1.00,1.00
2016.12.02 12:03:06.390,9.21527,9.21678,1.00,1.00
2016.12.02 12:03:06.871,9.21521,9.21672,1.00,1.00
2016.12.02 12:03:07.411,9.21516,9.21667,1.00,1.00
2016.12.02 12:03:07.905,9.21511,9.21662,1.00,1.00
2016.12.02 12:03:08.532,9.21522,9.21672,1.00,1.00
2016.12.02 12:03:08.983,9.21515,9.21666,1.00,1.00
2016.12.02 12:03:09.135,9.21525,9.21676,1.00,1.00
2016.12.02 12:03:09.529,9.21528,9.21669,1.00,1.00
2016.12.02 12:03:09.986,9.21504,9.21643,1.00,1.00
2016.12.02 12:03:10.515,9.21497,9.21638,1.00,1.00
2016.12.02 12:03:10.661,9.21505,9.21646,1.00,1.00
2016.12.02 12:03:10.963,9.21531,9.21672,1.00,1.00
2016.12.02 12:03:11.893,9.21533,9.21674,1.00,1.00
2016.12.02 12:03:12.243,9.21526,9.21666,1.00,1.00
2016.12.02 12:03:12.545,9.21515,9.21643,1.00,1.00
2016.12.02 12:03:12.747,9.21502,9.21643,1.00,1.00
2016.12.02 12:03:13.561,9.21496,9.21637,1.00,1.00
2016.12.02 12:03:14.011,9.2149,9.21631,1.00,1.00
2016.12.02 12:03:15.655,9.21513,9.21655,1.00,1.00
2016.12.02 12:03:15.706,9.21523,9.21664,1.00,1.00
2016.12.02 12:03:16.009,9.21506,9.21663,1.00,1.00
2016.12.02 12:03:16.686,9.21511,9.21668,1.00,1.00
2016.12.02 12:03:17.052,9.21527,9.21669,1.00,1.00
2016.12.02 12:03:17.663,9.21521,9.21663,1.00,1.00
2016.12.02 12:03:18.384,9.21514,9.21655,1.00,1.00
2016.12.02 12:03:18.586,9.21481,9.21655,1.00,1.00
2016.12.02 12:03:18.688,9.21497,9.21639,1.00,1.00
2016.12.02 12:03:18.789,9.21481,9.21636,1.00,1.00
2016.12.02 12:03:19.033,9.2147,9.21629,1.00,1.00
2016.12.02 12:03:19.434,9.21489,9.2163,1.00,1.00
2016.12.02 12:03:21.026,9.21487,9.21628,1.00,1.00
2016.12.02 12:03:24.216,9.21476,9.21625,1.00,1.00
2016.12.02 12:03:24.317,9.21489,9.21629,1.00,1.00
2016.12.02 12:03:24.368,9.21476,9.21623,1.00,1.00
2016.12.02 12:03:24.583,9.21487,9.21628,1.00,1.00
2016.12.02 12:03:26.293,9.21488,9.2163,1.00,1.00
2016.12.02 12:03:27.967,9.21476,9.21624,1.00,1.00
2016.12.02 12:03:28.214,9.21476,9.21626,1.00,1.00
2016.12.02 12:03:28.349,9.21488,9.21628,1.00,1.00
2016.12.02 12:03:29.272,9.21496,9.21638,1.00,1.00
2016.12.02 12:03:29.492,9.21507,9.2165,1.00,1.00
2016.12.02 12:03:29.765,9.21488,9.21645,1.00,1.00
2016.12.02 12:03:30.391,9.21495,9.21652,1.00,1.00
2016.12.02 12:03:30.711,9.21515,9.21658,1.00,1.00
2016.12.02 12:03:31.014,9.21519,9.21661,1.00,1.00
2016.12.02 12:03:32.232,9.21516,9.21659,1.00,1.00
2016.12.02 12:03:32.678,9.21527,9.21669,1.00,1.00
2016.12.02 12:03:32.987,9.21522,9.21666,1.00,1.00
2016.12.02 12:03:33.088,9.2154,9.21673,1.00,1.00
2016.12.02 12:03:33.139,9.21521,9.21667,1.00,1.00
2016.12.02 12:03:33.352,9.2154,9.21673,1.00,1.00
2016.12.02 12:03:33.722,9.21521,9.21665,1.00,1.00
2016.12.02 12:03:34.347,9.21517,9.2166,1.00,1.00
2016.12.02 12:03:34.679,9.21522,9.21666,1.00,1.00
2016.12.02 12:03:34.780,9.21526,9.2167,1.00,1.00
2016.12.02 12:03:35.083,9.21539,9.21681,1.00,1.00
2016.12.02 12:03:35.561,9.21551,9.21695,1.00,1.00
2016.12.02 12:03:35.773,9.21541,9.21686,1.00,1.00
2016.12.02 12:03:35.874,9.21547,9.21692,1.00,1.00
2016.12.02 12:03:36.255,9.21558,9.21703,1.00,1.00
2016.12.02 12:03:36.566,9.21568,9.21713,1.00,1.00
2016.12.02 12:03:37.323,9.21585,9.21718,1.00,1.00
2016.12.02 12:03:37.668,9.2158,9.21711,1.00,1.00
2016.12.02 12:03:37.741,9.21589,9.21723,1.00,1.00
2016.12.02 12:03:38.751,9.21584,9.21718,1.00,1.00
2016.12.02 12:03:39.744,9.21587,9.21718,1.00,1.00
2016.12.02 12:03:41.353,9.21584,9.21717,1.00,1.00
2016.12.02 12:03:41.733,9.21592,9.21724,1.00,1.00
2016.12.02 12:03:41.835,9.21581,9.21714,1.00,1.00
2016.12.02 12:03:48.284,9.21586,9.21718,1.00,1.00
2016.12.02 12:03:48.667,9.21589,9.21722,1.00,1.00
2016.12.02 12:03:49.533,9.21564,9.21718,1.00,1.00
2016.12.02 12:03:51.109,9.21551,9.21711,1.00,1.00
2016.12.02 12:03:51.160,9.21542,9.21674,1.00,1.00
2016.12.02 12:03:51.211,9.21543,9.21676,1.00,1.00
2016.12.02 12:03:52.170,9.21536,9.21669,1.00,1.00
2016.12.02 12:03:52.565,9.2153,9.21663,1.00,1.00
2016.12.02 12:03:53.171,9.21522,9.21652,1.00,1.00
2016.12.02 12:03:53.424,9.21516,9.21648,1.00,1.00
2016.12.02 12:03:54.288,9.21508,9.21639,1.00,1.00
2016.12.02 12:03:55.279,9.21512,9.21644,1.00,1.00
2016.12.02 12:04:02.367,9.21516,9.21648,1.00,1.00
2016.12.02 12:04:02.675,9.21505,9.21636,1.00,1.00
2016.12.02 12:04:03.420,9.21508,9.21639,1.00,1.00
2016.12.02 12:04:04.388,9.21505,9.21637,1.00,1.00
2016.12.02 12:04:04.960,9.21511,9.21643,1.00,1.00
2016.12.02 12:04:11.382,9.21509,9.2164,1.00,1.00
2016.12.02 12:04:12.734,9.21514,9.21674,1.00,1.00
2016.12.02 12:04:17.337,9.2152,9.21682,1.00,1.00
2016.12.02 12:04:18.357,9.21517,9.21679,1.00,1.00
2016.12.02 12:04:19.336,9.21516,9.21678,1.00,1.00
2016.12.02 12:04:22.423,9.21546,9.21684,1.00,1.00
2016.12.02 12:04:22.524,9.21556,9.21695,1.00,1.00
2016.12.02 12:04:24.116,9.21558,9.21696,1.00,1.00
2016.12.02 12:04:24.483,9.21555,9.21688,1.00,1.00
2016.12.02 12:04:25.139,9.21566,9.21697,1.00,1.00
2016.12.02 12:04:25.525,9.21568,9.21697,1.00,1.00
2016.12.02 12:04:26.066,9.21573,9.21712,1.00,1.00
2016.12.02 12:04:26.507,9.21581,9.21714,1.00,1.00
2016.12.02 12:04:26.841,9.21593,9.21726,1.00,1.00
2016.12.02 12:04:27.054,9.21587,9.21745,1.00,1.00
2016.12.02 12:04:28.043,9.21596,9.21752,1.00,1.00
2016.12.02 12:04:28.397,9.21591,9.21745,1.00,1.00
2016.12.02 12:04:28.761,9.21593,9.21726,1.00,1.00
2016.12.02 12:04:29.542,9.21593,9.2175,1.00,1.00
2016.12.02 12:04:29.763,9.21593,9.21726,1.00,1.00
2016.12.02 12:04:29.974,9.21595,9.2175,1.00,1.00
2016.12.02 12:04:30.277,9.2159,9.21725,1.00,1.00
2016.12.02 12:04:30.328,9.2159,9.21746,1.00,1.00
2016.12.02 12:04:30.657,9.21595,9.2173,1.00,1.00
2016.12.02 12:04:30.708,9.21595,9.2175,1.00,1.00
2016.12.02 12:04:30.910,9.21606,9.21749,1.00,1.00
2016.12.02 12:04:30.961,9.21606,9.2178,1.00,1.00
2016.12.02 12:04:31.012,9.21636,9.21785,1.00,1.00
2016.12.02 12:04:31.315,9.21641,9.21776,1.00,1.00
2016.12.02 12:04:32.034,9.21637,9.21772,1.00,1.00
2016.12.02 12:04:32.347,9.21641,9.21797,1.00,1.00
2016.12.02 12:04:32.447,9.21641,9.21776,1.00,1.00
2016.12.02 12:04:37.811,9.21637,9.21772,1.00,1.00
2016.12.02 12:04:39.377,9.21638,9.21769,1.00,1.00
2016.12.02 12:04:39.683,9.21628,9.21759,1.00,1.00
2016.12.02 12:04:41.442,9.21627,9.21758,1.00,1.00
2016.12.02 12:04:42.906,9.21632,9.21762,1.00,1.00
2016.12.02 12:04:43.973,9.21627,9.21758,1.00,1.00
2016.12.02 12:04:45.772,9.21631,9.21763,1.00,1.00
2016.12.02 12:04:48.235,9.21641,9.21773,1.00,1.00
2016.12.02 12:04:48.812,9.21647,9.21779,1.00,1.00
2016.12.02 12:04:49.210,9.2165,9.21782,1.00,1.00
2016.12.02 12:04:49.537,9.21641,9.21773,1.00,1.00
2016.12.02 12:04:52.133,9.21637,9.21774,1.00,1.00
2016.12.02 12:04:53.183,9.21638,9.21775,1.00,1.00
2016.12.02 12:04:55.111,9.21601,9.21738,1.00,1.00
2016.12.02 12:04:55.465,9.21597,9.2173,1.00,1.00
2016.12.02 12:04:56.160,9.21587,9.21719,1.00,1.00
2016.12.02 12:04:56.559,9.21584,9.21714,1.00,1.00
2016.12.02 12:04:57.159,9.21585,9.2172,1.00,1.00
2016.12.02 12:04:57.516,9.21585,9.21751,1.00,1.00
2016.12.02 12:04:57.699,9.21594,9.2176,1.00,1.00
2016.12.02 12:04:58.074,9.21587,9.21724,1.00,1.00
2016.12.02 12:04:58.826,9.21591,9.21728,1.00,1.00
2016.12.02 12:04:59.153,9.21591,9.21758,1.00,1.00
2016.12.02 12:04:59.546,9.21597,9.21771,1.00,1.00
2016.12.02 12:04:59.597,9.21627,9.21775,1.00,1.00
2016.12.02 12:05:00.116,9.21629,9.21775,1.00,1.00
2016.12.02 12:05:00.513,9.21648,9.21789,1.00,1.00
2016.12.02 12:05:00.820,9.21653,9.21794,1.00,1.00
2016.12.02 12:05:01.150,9.21663,9.21803,1.00,1.00
2016.12.02 12:05:01.330,9.21674,9.21817,1.00,1.00
2016.12.02 12:05:01.653,9.21666,9.21807,1.00,1.00
2016.12.02 12:05:01.805,9.21654,9.21797,1.00,1.00
2016.12.02 12:05:02.764,9.21657,9.218,1.00,1.00
2016.12.02 12:05:03.121,9.21652,9.21795,1.00,1.00
2016.12.02 12:05:03.429,9.21624,9.21755,1.00,1.00
2016.12.02 12:05:03.577,9.21612,9.21755,1.00,1.00
2016.12.02 12:05:04.296,9.21611,9.21754,1.00,1.00
2016.12.02 12:05:04.472,9.21596,9.21721,1.00,1.00
2016.12.02 12:05:04.523,9.21578,9.21721,1.00,1.00
2016.12.02 12:05:04.574,9.21575,9.21702,1.00,1.00
2016.12.02 12:05:04.625,9.21572,9.21718,1.00,1.00
2016.12.02 12:05:04.676,9.21566,9.217,1.00,1.00
2016.12.02 12:05:04.777,9.21575,9.21727,1.00,1.00
2016.12.02 12:05:05.530,9.21584,9.21736,1.00,1.00
2016.12.02 12:05:05.849,9.2159,9.21723,1.00,1.00
2016.12.02 12:05:06.460,9.2159,9.21722,1.00,1.00
2016.12.02 12:05:08.030,9.21579,9.21731,1.00,1.00
2016.12.02 12:05:08.081,9.21585,9.21738,1.00,1.00
2016.12.02 12:05:08.360,9.21583,9.21719,1.00,1.00
2016.12.02 12:05:09.431,9.21583,9.21717,1.00,1.00
2016.12.02 12:05:11.160,9.21577,9.2171,1.00,1.00
2016.12.02 12:05:11.261,9.2155,9.21685,1.00,1.00
2016.12.02 12:05:11.312,9.21537,9.21672,1.00,1.00
2016.12.02 12:05:12.297,9.21533,9.21669,1.00,1.00
2016.12.02 12:05:12.392,9.21539,9.21675,1.00,1.00
2016.12.02 12:05:12.544,9.21533,9.21686,1.00,1.00
2016.12.02 12:05:12.594,9.2155,9.21702,1.00,1.00
2016.12.02 12:05:13.031,9.21563,9.21693,1.00,1.00
2016.12.02 12:05:13.567,9.21551,9.21681,1.00,1.00
2016.12.02 12:05:14.044,9.21546,9.21675,1.00,1.00
2016.12.02 12:05:15.904,9.2155,9.2168,1.00,1.00
2016.12.02 12:05:16.021,9.21541,9.21672,1.00,1.00
2016.12.02 12:05:16.855,9.21546,9.21677,1.00,1.00
2016.12.02 12:05:17.869,9.21549,9.21679,1.00,1.00
2016.12.02 12:05:18.073,9.21543,9.21674,1.00,1.00
2016.12.02 12:05:19.064,9.21538,9.21668,1.00,1.00
2016.12.02 12:05:19.376,9.21517,9.21648,1.00,1.00
2016.12.02 12:05:19.477,9.21505,9.21634,1.00,1.00
2016.12.02 12:05:19.989,9.21515,9.21646,1.00,1.00
2016.12.02 12:05:20.544,9.21503,9.21634,1.00,1.00
2016.12.02 12:05:20.919,9.2149,9.21619,1.00,1.00
2016.12.02 12:05:20.971,9.21466,9.21606,1.00,1.00
2016.12.02 12:05:21.855,9.21467,9.21605,1.00,1.00
2016.12.02 12:05:22.589,9.21461,9.21592,1.00,1.00
2016.12.02 12:05:22.791,9.2144,9.21587,1.00,1.00
2016.12.02 12:05:23.348,9.2143,9.21561,1.00,1.00
2016.12.02 12:05:23.399,9.21434,9.21587,1.00,1.00
2016.12.02 12:05:24.457,9.21436,9.21587,1.00,1.00
2016.12.02 12:05:25.054,9.21428,9.21579,1.00,1.00
2016.12.02 12:05:25.439,9.21426,9.21577,1.00,1.00
2016.12.02 12:05:25.780,9.21424,9.21575,1.00,1.00
2016.12.02 12:05:26.082,9.21416,9.21546,1.00,1.00
2016.12.02 12:05:26.226,9.21424,9.21573,1.00,1.00
2016.12.02 12:05:26.327,9.21413,9.21542,1.00,1.00
2016.12.02 12:05:27.228,9.21403,9.21534,1.00,1.00
2016.12.02 12:05:27.329,9.21412,9.21543,1.00,1.00
2016.12.02 12:05:27.700,9.21405,9.21534,1.00,1.00
2016.12.02 12:05:28.493,9.21409,9.2154,1.00,1.00
2016.12.02 12:05:28.596,9.214,9.21531,1.00,1.00
2016.12.02 12:05:29.090,9.21409,9.21537,1.00,1.00
2016.12.02 12:05:29.626,9.21414,9.21545,1.00,1.00
2016.12.02 12:05:29.727,9.21406,9.21536,1.00,1.00
2016.12.02 12:05:30.717,9.21409,9.2154,1.00,1.00
2016.12.02 12:05:32.038,9.21414,9.21545,1.00,1.00
2016.12.02 12:05:32.429,9.21407,9.21535,1.00,1.00
2016.12.02 12:05:32.657,9.21419,9.2155,1.00,1.00
2016.12.02 12:05:33.095,9.2141,9.21541,1.00,1.00
2016.12.02 12:05:33.695,9.21419,9.2155,1.00,1.00
2016.12.02 12:05:33.846,9.21415,9.21578,1.00,1.00
2016.12.02 12:05:34.107,9.2142,9.21549,1.00,1.00
2016.12.02 12:05:35.115,9.21419,9.2155,1.00,1.00
2016.12.02 12:05:35.619,9.21409,9.2154,1.00,1.00
2016.12.02 12:05:35.670,9.21413,9.21576,1.00,1.00
2016.12.02 12:05:36.196,9.21422,9.21584,1.00,1.00
2016.12.02 12:05:37.603,9.21416,9.21547,1.00,1.00
2016.12.02 12:05:37.954,9.2143,9.21561,1.00,1.00
2016.12.02 12:05:38.646,9.21421,9.21552,1.00,1.00
2016.12.02 12:05:39.130,9.2143,9.21561,1.00,1.00
2016.12.02 12:05:40.124,9.21427,9.21557,1.00,1.00
2016.12.02 12:05:40.870,9.21442,9.21586,1.00,1.00
2016.12.02 12:05:41.301,9.21442,9.21593,1.00,1.00
2016.12.02 12:05:41.561,9.2143,9.21586,1.00,1.00
2016.12.02 12:05:41.612,9.21446,9.21586,1.00,1.00
2016.12.02 12:05:41.971,9.21454,9.21594,1.00,1.00
2016.12.02 12:05:42.297,9.21457,9.21597,1.00,1.00
2016.12.02 12:05:42.631,9.21444,9.21584,1.00,1.00
2016.12.02 12:05:42.961,9.21462,9.21602,1.00,1.00
2016.12.02 12:05:43.779,9.21463,9.21597,1.00,1.00
2016.12.02 12:05:45.120,9.21454,9.2159,1.00,1.00
2016.12.02 12:05:45.171,9.21449,9.21585,1.00,1.00
2016.12.02 12:05:45.507,9.21438,9.21574,1.00,1.00
2016.12.02 12:05:45.834,9.21427,9.21563,1.00,1.00
2016.12.02 12:05:46.218,9.21421,9.21557,1.00,1.00
2016.12.02 12:05:47.410,9.21418,9.21551,1.00,1.00
2016.12.02 12:05:48.427,9.21415,9.21548,1.00,1.00
2016.12.02 12:05:54.517,9.21411,9.21554,1.00,1.00
2016.12.02 12:05:56.627,9.21411,9.21552,1.00,1.00
2016.12.02 12:05:59.376,9.21416,9.2156,1.00,1.00
2016.12.02 12:06:01.735,9.21411,9.21554,1.00,1.00
2016.12.02 12:06:02.429,9.21405,9.21543,1.00,1.00
2016.12.02 12:06:03.432,9.21404,9.21542,1.00,1.00
2016.12.02 12:06:04.610,9.21406,9.21544,1.00,1.00
2016.12.02 12:06:05.693,9.21428,9.21566,1.00,1.00
2016.12.02 12:06:05.937,9.21428,9.2157,1.00,1.00
2016.12.02 12:06:06.717,9.21423,9.21566,1.00,1.00
2016.12.02 12:06:09.560,9.21419,9.21562,1.00,1.00
2016.12.02 12:06:11.624,9.2142,9.21569,1.00,1.00
2016.12.02 12:06:11.900,9.21422,9.21601,1.00,1.00
2016.12.02 12:06:11.951,9.21437,9.21601,1.00,1.00
2016.12.02 12:06:12.254,9.21463,9.21596,1.00,1.00
2016.12.02 12:06:13.107,9.21464,9.216,1.00,1.00
2016.12.02 12:06:14.735,9.21458,9.21589,1.00,1.00
2016.12.02 12:06:15.180,9.21467,9.21598,1.00,1.00
2016.12.02 12:06:17.564,9.21465,9.21596,1.00,1.00
2016.12.02 12:06:20.399,9.21456,9.21585,1.00,1.00
2016.12.02 12:06:24.576,9.21456,9.21586,1.00,1.00
2016.12.02 12:06:28.239,9.21463,9.21596,1.00,1.00
2016.12.02 12:06:29.465,9.21457,9.21589,1.00,1.00
2016.12.02 12:06:29.768,9.21456,9.21583,1.00,1.00
2016.12.02 12:06:33.404,9.2145,9.21583,1.00,1.00
2016.12.02 12:06:35.465,9.21445,9.21577,1.00,1.00
2016.12.02 12:06:39.611,9.21442,9.2157,1.00,1.00
2016.12.02 12:06:45.075,9.2145,9.21581,1.00,1.00
2016.12.02 12:06:46.802,9.21441,9.2157,1.50,1.00
2016.12.02 12:06:49.045,9.21458,9.21589,1.00,1.00
2016.12.02 12:06:49.095,9.21467,9.21598,1.00,1.00
2016.12.02 12:06:50.014,9.21454,9.21586,1.00,1.00
2016.12.02 12:06:54.662,9.21452,9.21583,1.00,1.00
2016.12.02 12:06:56.714,9.2146,9.21591,1.00,1.00
2016.12.02 12:06:57.076,9.21452,9.2158,1.00,1.00
2016.12.02 12:06:59.472,9.21461,9.21592,1.00,1.00
2016.12.02 12:07:02.653,9.21463,9.21594,1.00,1.00
2016.12.02 12:07:04.730,9.2146,9.21591,1.00,1.00
2016.12.02 12:07:06.291,9.2145,9.2158,1.00,1.00
2016.12.02 12:07:09.672,9.21446,9.21577,1.00,1.00
2016.12.02 12:07:10.662,9.21466,9.21595,1.00,1.00
2016.12.02 12:07:10.713,9.21487,9.21617,1.00,1.00
2016.12.02 12:07:10.865,9.21487,9.21606,1.00,1.00
2016.12.02 12:07:10.967,9.21487,9.21617,1.00,1.00
2016.12.02 12:07:11.675,9.21492,9.21623,1.00,1.00
2016.12.02 12:07:11.777,9.21498,9.21629,1.00,1.00
2016.12.02 12:07:12.135,9.21489,9.21619,1.00,1.00
2016.12.02 12:07:13.611,9.21489,9.21623,1.00,1.00
2016.12.02 12:07:14.609,9.21506,9.21657,1.00,1.00
2016.12.02 12:07:14.760,9.21522,9.21657,1.00,1.50
2016.12.02 12:07:15.581,9.21521,9.2167,1.00,1.00
2016.12.02 12:07:15.663,9.21509,9.21658,1.00,1.00
2016.12.02 12:07:15.966,9.21484,9.21633,1.00,1.00
2016.12.02 12:07:16.832,9.2148,9.21629,1.00,1.00
2016.12.02 12:07:17.835,9.21481,9.2163,1.00,1.00
2016.12.02 12:07:18.350,9.21481,9.21629,1.00,1.00
2016.12.02 12:07:19.760,9.21478,9.21625,1.50,1.00
2016.12.02 12:07:22.426,9.21478,9.21624,1.00,1.00
2016.12.02 12:07:24.696,9.21478,9.21617,1.00,1.00
2016.12.02 12:07:25.224,9.21478,9.21616,1.00,1.00
2016.12.02 12:07:32.701,9.21478,9.2161,1.00,1.00
2016.12.02 12:07:32.803,9.2147,9.2161,1.00,1.00
2016.12.02 12:07:34.400,9.2147,9.21609,1.00,1.00
2016.12.02 12:07:35.404,9.21472,9.21612,1.00,1.00
2016.12.02 12:07:37.326,9.21486,9.21617,1.00,1.00
2016.12.02 12:07:39.741,9.21485,9.21616,1.00,1.00
2016.12.02 12:07:41.804,9.21484,9.21615,1.00,1.00
2016.12.02 12:07:42.201,9.21494,9.21624,1.00,1.00
2016.12.02 12:07:42.742,9.21491,9.21624,1.00,1.00
2016.12.02 12:07:43.246,9.21492,9.21624,1.00,1.00
2016.12.02 12:07:43.304,9.21493,9.21621,1.00,1.00
2016.12.02 12:07:43.506,9.21501,9.21632,1.00,1.00
2016.12.02 12:07:44.412,9.2149,9.2162,1.00,1.00
2016.12.02 12:07:46.831,9.21481,9.21611,1.00,1.00
2016.12.02 12:07:47.836,9.21478,9.21609,1.00,1.00
2016.12.02 12:07:48.872,9.21477,9.21608,1.00,1.00
2016.12.02 12:07:49.047,9.21478,9.21615,1.00,1.00
2016.12.02 12:07:49.099,9.21501,9.21631,1.00,1.00
2016.12.02 12:07:49.425,9.21509,9.21638,1.00,1.00
2016.12.02 12:07:49.728,9.21521,9.21652,1.00,1.00
2016.12.02 12:07:50.707,9.21526,9.21656,1.00,1.00
2016.12.02 12:07:51.323,9.21519,9.21637,1.00,1.00
2016.12.02 12:07:51.660,9.21519,9.21627,1.00,1.00
2016.12.02 12:07:51.712,9.21496,9.21627,1.00,1.00
2016.12.02 12:07:51.907,9.21486,9.21616,1.00,1.00
2016.12.02 12:07:52.300,9.21479,9.2161,1.00,1.00
2016.12.02 12:07:54.696,9.21487,9.21617,1.00,1.00
2016.12.02 12:07:55.220,9.21498,9.21627,1.00,1.00
2016.12.02 12:07:56.850,9.21498,9.21629,1.00,1.00
2016.12.02 12:07:57.323,9.21491,9.21622,1.00,1.00
2016.12.02 12:08:02.774,9.2149,9.21621,1.00,1.00
2016.12.02 12:08:04.961,9.21495,9.21625,1.00,1.00
2016.12.02 12:08:08.602,9.21487,9.21618,1.00,1.00
2016.12.02 12:08:08.652,9.21482,9.21612,1.00,1.00
2016.12.02 12:08:09.813,9.21483,9.21613,1.00,1.00
2016.12.02 12:08:11.865,9.21484,9.21615,1.00,1.00
2016.12.02 12:08:17.806,9.21486,9.21617,1.00,1.00
2016.12.02 12:08:18.198,9.21495,9.21626,1.00,1.00
2016.12.02 12:08:18.530,9.21487,9.21618,1.00,1.00
2016.12.02 12:08:19.899,9.21486,9.21617,1.00,1.00
2016.12.02 12:08:21.557,9.2147,9.21613,1.50,1.00
2016.12.02 12:08:21.862,9.2145,9.21581,1.00,1.00
2016.12.02 12:08:22.342,9.21454,9.2161,1.00,1.00
2016.12.02 12:08:22.875,9.21449,9.21579,1.00,1.00
2016.12.02 12:08:23.994,9.21438,9.21568,1.00,1.00
2016.12.02 12:08:24.994,9.21436,9.21567,1.00,1.00
2016.12.02 12:08:30.011,9.2145,9.21601,1.00,1.00
2016.12.02 12:08:30.264,9.21443,9.21595,1.00,1.00
2016.12.02 12:08:32.832,9.21444,9.21596,1.00,1.00
2016.12.02 12:08:33.913,9.21439,9.2159,1.00,1.00
2016.12.02 12:08:38.197,9.21449,9.21595,1.00,1.00
2016.12.02 12:08:38.500,9.21512,9.21645,1.00,1.00
2016.12.02 12:08:38.551,9.21512,9.21668,1.00,1.00
2016.12.02 12:08:39.204,9.21543,9.21673,1.00,1.00
2016.12.02 12:08:39.496,9.21549,9.2168,1.00,1.00
2016.12.02 12:08:40.131,9.21526,9.21658,1.00,1.00
2016.12.02 12:08:40.585,9.21521,9.21653,1.00,1.00
2016.12.02 12:08:40.915,9.21527,9.21659,1.00,1.00
2016.12.02 12:08:41.629,9.21525,9.21657,1.00,1.00
2016.12.02 12:08:42.154,9.21524,9.21658,1.00,1.00
2016.12.02 12:08:42.306,9.21515,9.2165,1.00,1.00
2016.12.02 12:08:42.794,9.21523,9.21657,1.00,1.00
2016.12.02 12:08:43.362,9.21515,9.2165,1.00,1.00
2016.12.02 12:08:44.345,9.21512,9.21644,1.00,1.00
2016.12.02 12:08:47.059,9.21512,9.21644,1.00,1.37
2016.12.02 12:08:47.262,9.21445,9.21569,1.00,1.00
2016.12.02 12:08:47.313,9.21425,9.21541,1.00,1.00
2016.12.02 12:08:47.364,9.21411,9.21541,1.00,1.00
2016.12.02 12:08:47.515,9.21442,9.21573,1.00,1.00
2016.12.02 12:08:48.469,9.21443,9.21573,1.00,1.00
2016.12.02 12:08:49.509,9.21445,9.21576,1.00,1.00
2016.12.02 12:08:54.914,9.21437,9.21568,1.00,1.00
2016.12.02 12:08:56.614,9.21471,9.21601,1.00,1.00
2016.12.02 12:08:56.715,9.2148,9.21611,1.00,1.00
2016.12.02 12:08:56.766,9.21462,9.21605,1.00,1.00
2016.12.02 12:08:56.817,9.21488,9.21617,1.00,1.00
2016.12.02 12:08:57.430,9.21508,9.21638,1.00,1.00
2016.12.02 12:08:57.944,9.21518,9.21648,1.00,1.00
2016.12.02 12:08:58.247,9.2153,9.2166,1.00,1.00
2016.12.02 12:08:58.298,9.21504,9.21638,1.00,1.00
2016.12.02 12:08:58.348,9.21504,9.21571,1.00,1.00
2016.12.02 12:08:58.399,9.21423,9.21546,1.75,1.00
2016.12.02 12:08:58.551,9.21416,9.21546,1.00,1.00
2016.12.02 12:08:58.652,9.21391,9.21521,1.00,1.00
2016.12.02 12:08:59.387,9.21378,9.21507,1.00,1.00
2016.12.02 12:09:00.241,9.21378,9.21506,1.00,1.00
2016.12.02 12:09:00.807,9.21378,9.21507,1.00,1.00
2016.12.02 12:09:01.886,9.2139,9.21519,1.00,1.00
2016.12.02 12:09:01.937,9.21409,9.21539,1.00,1.00
2016.12.02 12:09:02.934,9.21411,9.21539,1.00,1.00
2016.12.02 12:09:03.039,9.21416,9.21545,1.00,1.00
2016.12.02 12:09:03.257,9.21406,9.21536,1.00,1.00
2016.12.02 12:09:04.082,9.21398,9.21528,1.00,1.00
2016.12.02 12:09:04.433,9.21394,9.21522,1.00,1.00
2016.12.02 12:09:04.484,9.21404,9.21533,1.00,1.00
2016.12.02 12:09:04.667,9.21387,9.21517,1.00,1.00
2016.12.02 12:09:05.083,9.21379,9.21509,1.00,1.00
2016.12.02 12:09:08.650,9.21401,9.21559,1.00,1.00
2016.12.02 12:09:09.933,9.21416,9.21559,1.00,1.00
2016.12.02 12:09:11.570,9.21413,9.21553,1.00,1.00
2016.12.02 12:09:12.580,9.21412,9.21553,1.00,1.00
2016.12.02 12:09:12.681,9.21404,9.21546,1.00,1.00
2016.12.02 12:09:12.732,9.2138,9.21522,1.00,1.00
2016.12.02 12:09:13.087,9.21373,9.2151,1.00,1.00
2016.12.02 12:09:14.394,9.21382,9.21524,1.00,1.00
2016.12.02 12:09:14.445,9.21392,9.21534,1.00,1.00
2016.12.02 12:09:14.757,9.21405,9.21545,1.00,1.37
2016.12.02 12:09:15.021,9.21415,9.21556,1.00,1.00
2016.12.02 12:09:17.923,9.21411,9.21552,1.00,1.00
2016.12.02 12:09:18.325,9.21388,9.21518,1.00,1.00
2016.12.02 12:09:19.679,9.21385,9.21513,1.00,1.00
2016.12.02 12:09:20.647,9.21383,9.21513,1.00,1.00
2016.12.02 12:09:21.090,9.21398,9.21513,1.00,1.00
2016.12.02 12:09:21.141,9.21411,9.21541,1.00,1.00
2016.12.02 12:09:22.134,9.21413,9.21543,1.00,1.00
2016.12.02 12:09:24.365,9.21422,9.21552,1.00,1.00
2016.12.02 12:09:25.097,9.21417,9.21546,1.00,1.00
2016.12.02 12:09:25.462,9.21415,9.21574,1.00,1.00
2016.12.02 12:09:25.613,9.21412,9.21542,1.00,1.00
2016.12.02 12:09:25.933,9.21417,9.21547,1.00,1.00
2016.12.02 12:09:26.034,9.2142,9.21576,1.00,1.00
2016.12.02 12:09:26.887,9.21414,9.21572,1.00,1.00
2016.12.02 12:09:27.498,9.21423,9.21581,1.00,1.00
2016.12.02 12:09:29.116,9.21443,9.21571,1.00,1.00
2016.12.02 12:09:29.353,9.21452,9.21582,1.00,1.00
2016.12.02 12:09:32.952,9.21449,9.21579,1.00,1.00
2016.12.02 12:09:33.639,9.21454,9.21584,1.00,1.00
2016.12.02 12:09:34.631,9.2145,9.2158,1.00,1.00
2016.12.02 12:09:35.409,9.21444,9.21574,1.00,1.00
2016.12.02 12:09:35.731,9.21451,9.21581,1.00,1.00
2016.12.02 12:09:36.281,9.21462,9.21591,1.00,1.00
2016.12.02 12:09:36.332,9.21448,9.21604,1.00,1.00
2016.12.02 12:09:36.382,9.21481,9.21627,1.00,1.00
2016.12.02 12:09:36.685,9.21523,9.21663,1.00,1.00
2016.12.02 12:09:37.396,9.21537,9.21675,1.00,1.00
2016.12.02 12:09:37.578,9.21545,9.21685,1.00,1.00
2016.12.02 12:09:37.629,9.21559,9.2169,1.00,1.00
2016.12.02 12:09:37.780,9.21579,9.21727,1.00,1.50
2016.12.02 12:09:37.982,9.21569,9.21698,1.00,1.00
2016.12.02 12:09:39.559,9.21569,9.21698,1.00,1.37
2016.12.02 12:09:39.761,9.21506,9.21636,1.00,1.00
2016.12.02 12:09:40.579,9.21487,9.21622,1.00,1.00
2016.12.02 12:09:42.043,9.21487,9.21619,1.00,1.00
2016.12.02 12:09:47.993,9.21487,9.21618,1.00,1.00
2016.12.02 12:09:49.412,9.21487,9.21614,1.00,1.00
2016.12.02 12:09:49.714,9.2147,9.21614,1.00,1.00
2016.12.02 12:09:50.431,9.21467,9.21608,1.00,1.00
2016.12.02 12:09:54.200,9.2147,9.21614,1.00,1.00
2016.12.02 12:09:54.536,9.21466,9.21607,1.00,1.00
2016.12.02 12:09:55.059,9.21471,9.2161,1.00,1.00
2016.12.02 12:09:55.594,9.21477,9.21615,1.00,1.00
2016.12.02 12:09:56.519,9.21471,9.2161,1.00,1.00
2016.12.02 12:09:57.510,9.21472,9.21611,1.00,1.00
2016.12.02 12:10:00.381,9.21477,9.21616,1.00,1.00
2016.12.02 12:10:00.792,9.2149,9.21629,1.00,1.00
2016.12.02 12:10:01.775,9.21487,9.21623,1.00,1.00
2016.12.02 12:10:02.165,9.21487,9.21618,1.00,1.00
2016.12.02 12:10:03.199,9.21487,9.21616,1.00,1.00
2016.12.02 12:10:05.135,9.21487,9.21614,1.00,1.00
2016.12.02 12:10:07.297,9.21489,9.21619,1.00,1.00
2016.12.02 12:10:10.027,9.21488,9.21618,1.00,1.00
2016.12.02 12:10:11.689,9.21494,9.21624,1.00,1.00
2016.12.02 12:10:12.692,9.21494,9.21623,1.00,1.00
2016.12.02 12:10:16.119,9.215,9.2163,1.00,1.00
2016.12.02 12:10:17.733,9.21494,9.21624,1.00,1.00
2016.12.02 12:10:18.036,9.21481,9.2161,1.00,1.00
2016.12.02 12:10:20.121,9.21482,9.21612,1.00,1.00
2016.12.02 12:10:20.277,9.21468,9.21587,1.00,1.00
2016.12.02 12:10:20.328,9.21449,9.21579,1.00,1.00
2016.12.02 12:10:20.860,9.21459,9.21589,1.00,1.00
2016.12.02 12:10:21.214,9.2148,9.21609,1.00,1.00
2016.12.02 12:10:21.264,9.2147,9.216,1.00,1.00
2016.12.02 12:10:21.473,9.21485,9.21615,1.00,1.00
2016.12.02 12:10:23.501,9.21475,9.21605,1.00,1.00
2016.12.02 12:10:23.858,9.21484,9.21614,1.00,1.00
2016.12.02 12:10:24.211,9.21493,9.21623,1.00,1.00
2016.12.02 12:10:24.408,9.21478,9.21627,1.00,1.00
2016.12.02 12:10:24.559,9.21491,9.21621,1.00,1.00
2016.12.02 12:10:25.552,9.21488,9.21618,1.00,1.00
2016.12.02 12:10:26.996,9.21484,9.21614,1.00,1.00
2016.12.02 12:10:27.298,9.21469,9.21599,1.00,1.00
2016.12.02 12:10:29.509,9.21476,9.21606,1.00,1.00
2016.12.02 12:10:29.813,9.21467,9.21597,1.00,1.00
2016.12.02 12:10:30.244,9.21475,9.21605,1.00,1.00
2016.12.02 12:10:33.121,9.21476,9.21606,1.00,1.00
2016.12.02 12:10:34.194,9.21471,9.21601,1.00,1.00
2016.12.02 12:10:42.163,9.21471,9.216,1.00,1.00
2016.12.02 12:10:51.524,9.21475,9.21605,1.00,1.00
2016.12.02 12:10:55.126,9.21479,9.21609,1.00,1.00
2016.12.02 12:10:57.193,9.21474,9.21604,1.00,1.00
2016.12.02 12:10:57.537,9.21468,9.21598,1.00,1.00
2016.12.02 12:11:00.363,9.21463,9.21593,1.00,1.00
2016.12.02 12:11:01.114,9.2146,9.21626,1.00,1.00
2016.12.02 12:11:01.215,9.21502,9.21632,1.00,1.00
2016.12.02 12:11:02.105,9.2151,9.2164,1.00,1.00
2016.12.02 12:11:02.671,9.21492,9.21642,1.00,1.00
2016.12.02 12:11:03.108,9.21482,9.2163,1.00,1.00
2016.12.02 12:11:03.679,9.21471,9.2162,1.00,1.00
2016.12.02 12:11:03.780,9.21459,9.2161,1.00,1.00
2016.12.02 12:11:03.831,9.2147,9.21621,1.00,1.00
2016.12.02 12:11:04.964,9.21465,9.21615,1.00,1.00
2016.12.02 12:11:05.015,9.2147,9.21621,1.00,1.00
2016.12.02 12:11:07.479,9.21462,9.21613,1.00,1.00
2016.12.02 12:11:08.299,9.21455,9.21606,1.00,1.00
2016.12.02 12:11:09.288,9.21451,9.21601,1.00,1.00
2016.12.02 12:11:10.190,9.2146,9.21598,1.00,1.00
2016.12.02 12:11:12.249,9.21459,9.21589,1.00,1.00
2016.12.02 12:11:12.934,9.21464,9.21594,1.00,1.00
2016.12.02 12:11:13.260,9.21476,9.21606,1.00,1.00
2016.12.02 12:11:14.001,9.21481,9.2161,1.00,1.00
2016.12.02 12:11:16.921,9.21451,9.21601,1.00,1.00
2016.12.02 12:11:16.972,9.21419,9.21564,1.00,1.00
2016.12.02 12:11:17.023,9.21406,9.21564,1.00,1.00
2016.12.02 12:11:17.073,9.21416,9.21545,1.00,1.00
2016.12.02 12:11:17.576,9.21395,9.21525,1.00,1.00
2016.12.02 12:11:17.627,9.21373,9.21503,1.00,1.00
2016.12.02 12:11:18.551,9.21368,9.21496,1.00,1.00
2016.12.02 12:11:20.240,9.21368,9.21498,1.00,1.00
2016.12.02 12:11:22.084,9.21373,9.21503,1.00,1.00
2016.12.02 12:11:22.422,9.21376,9.21505,1.00,1.00
2016.12.02 12:11:22.687,9.21384,9.21514,1.00,1.00
2016.12.02 12:11:22.930,9.21373,9.21503,1.00,1.00
2016.12.02 12:11:23.258,9.21404,9.21534,1.00,1.00
2016.12.02 12:11:24.172,9.21406,9.21534,1.00,1.00
2016.12.02 12:11:25.183,9.21401,9.21538,1.00,1.00
2016.12.02 12:11:25.312,9.21409,9.21546,1.00,1.00
2016.12.02 12:11:25.615,9.21401,9.21538,1.00,1.00
2016.12.02 12:11:26.988,9.21406,9.21543,1.00,1.00
2016.12.02 12:11:27.303,9.21399,9.21528,1.00,1.00
2016.12.02 12:11:28.367,9.21397,9.21543,1.00,1.00
2016.12.02 12:11:28.497,9.21406,9.21534,1.00,1.00
2016.12.02 12:11:28.598,9.21396,9.21526,1.00,1.00
2016.12.02 12:11:29.103,9.21407,9.21536,1.00,1.00
2016.12.02 12:11:29.372,9.21372,9.21502,1.00,1.00
2016.12.02 12:11:29.574,9.21361,9.21491,1.00,1.00
2016.12.02 12:11:29.878,9.21373,9.21503,1.00,1.00
2016.12.02 12:11:30.207,9.21361,9.21489,1.00,1.00
2016.12.02 12:11:33.192,9.21361,9.21491,1.00,1.00
2016.12.02 12:11:35.370,9.21367,9.21497,1.00,1.00
2016.12.02 12:11:39.526,9.21326,9.21492,1.00,1.00
2016.12.02 12:11:39.576,9.21321,9.21432,1.00,1.00
2016.12.02 12:11:39.627,9.21321,9.21438,1.00,1.00
2016.12.02 12:11:39.678,9.21321,9.21428,1.00,1.00
2016.12.02 12:11:39.780,9.21294,9.21425,1.00,1.00
2016.12.02 12:11:40.223,9.21251,9.21382,1.00,1.00
2016.12.02 12:11:41.143,9.21253,9.21384,1.00,1.00
2016.12.02 12:11:42.100,9.21248,9.21379,1.00,1.00
2016.12.02 12:11:43.103,9.21249,9.2138,1.00,1.00
2016.12.02 12:11:44.443,9.21254,9.21384,1.00,1.00
2016.12.02 12:11:44.757,9.21264,9.21395,1.00,1.00
2016.12.02 12:11:44.808,9.2127,9.214,1.00,1.00
2016.12.02 12:11:44.909,9.21281,9.21412,1.00,1.50
2016.12.02 12:11:44.960,9.21264,9.21395,1.00,1.00
2016.12.02 12:11:45.750,9.21252,9.21383,1.00,1.00
2016.12.02 12:11:46.780,9.21232,9.21362,1.00,1.00
2016.12.02 12:11:46.831,9.21215,9.21346,1.00,1.00
2016.12.02 12:11:47.858,9.21213,9.21344,1.00,1.00
2016.12.02 12:11:48.847,9.21209,9.2134,1.00,1.00
2016.12.02 12:11:49.838,9.21207,9.21336,1.00,1.00
2016.12.02 12:11:51.138,9.21194,9.21325,1.00,1.00
2016.12.02 12:11:52.232,9.212,9.21331,1.00,1.00
2016.12.02 12:11:55.236,9.21196,9.21327,1.00,1.00
2016.12.02 12:11:56.324,9.21191,9.21322,1.00,1.00
2016.12.02 12:11:58.208,9.21188,9.21317,1.00,1.00
2016.12.02 12:11:58.330,9.21158,9.21288,1.00,1.00
2016.12.02 12:11:58.583,9.21172,9.21302,1.00,1.00
2016.12.02 12:11:58.886,9.21159,9.21289,1.00,1.00
2016.12.02 12:11:59.234,9.21173,9.21303,1.00,1.00
2016.12.02 12:11:59.285,9.21163,9.21294,1.00,1.00
2016.12.02 12:12:00.072,9.21155,9.21286,1.00,1.00
2016.12.02 12:12:02.230,9.21149,9.21279,1.00,1.00
2016.12.02 12:12:02.868,9.21153,9.21284,1.00,1.00
2016.12.02 12:12:04.000,9.21127,9.21283,1.00,1.00
2016.12.02 12:12:04.051,9.21123,9.21254,1.00,1.00
2016.12.02 12:12:04.354,9.21121,9.21252,1.00,1.00
2016.12.02 12:12:05.122,9.21111,9.21242,1.00,1.00
2016.12.02 12:12:06.134,9.2111,9.21241,1.00,1.00
2016.12.02 12:12:08.424,9.2112,9.2125,1.00,1.00
2016.12.02 12:12:08.614,9.2113,9.21261,1.00,1.00
2016.12.02 12:12:08.665,9.21123,9.21254,1.00,1.00
2016.12.02 12:12:10.541,9.21136,9.21281,1.00,1.00
2016.12.02 12:12:10.591,9.2115,9.2128,1.00,1.00
2016.12.02 12:12:11.019,9.21161,9.21292,1.00,1.00
2016.12.02 12:12:12.344,9.21161,9.21303,1.00,1.00
2016.12.02 12:12:14.140,9.21155,9.21297,1.00,1.00
2016.12.02 12:12:14.581,9.21187,9.21328,1.00,1.00
2016.12.02 12:12:14.733,9.21187,9.2133,1.00,1.00
2016.12.02 12:12:15.559,9.21181,9.21323,1.00,1.00
2016.12.02 12:12:17.798,9.21188,9.21329,1.00,1.00
2016.12.02 12:12:17.959,9.21182,9.21324,1.00,1.00
2016.12.02 12:12:18.801,9.21186,9.21328,1.00,1.00
2016.12.02 12:12:19.177,9.21191,9.21335,1.00,1.00
2016.12.02 12:12:20.361,9.21194,9.21338,1.00,1.00
2016.12.02 12:12:20.700,9.21224,9.21366,1.00,1.00
2016.12.02 12:12:21.470,9.21238,9.21382,1.00,1.00
2016.12.02 12:12:21.521,9.21245,9.21389,1.00,1.00
2016.12.02 12:12:22.209,9.21253,9.21397,1.00,1.00
2016.12.02 12:12:23.037,9.21243,9.21386,1.00,1.00
2016.12.02 12:12:23.182,9.21237,9.21381,1.00,1.00
2016.12.02 12:12:24.591,9.21245,9.21389,1.00,1.00
2016.12.02 12:12:25.333,9.21252,9.21389,1.00,1.00
2016.12.02 12:12:27.423,9.21262,9.2139,1.00,1.00
2016.12.02 12:12:28.402,9.21265,9.21396,1.00,1.00
2016.12.02 12:12:29.385,9.21261,9.21391,1.00,1.00
2016.12.02 12:12:30.414,9.21265,9.21396,1.00,1.00
2016.12.02 12:12:30.743,9.21259,9.2139,1.00,1.00
2016.12.02 12:12:31.886,9.21251,9.21381,1.00,1.00
2016.12.02 12:12:32.541,9.21259,9.2139,1.00,1.00
2016.12.02 12:12:33.296,9.21238,9.21369,1.00,1.00
2016.12.02 12:12:33.599,9.2122,9.21351,1.00,1.00
2016.12.02 12:12:34.455,9.21226,9.21357,1.00,1.00
2016.12.02 12:12:34.791,9.21233,9.21364,1.00,1.00
2016.12.02 12:12:35.094,9.21221,9.21351,1.00,1.00
2016.12.02 12:12:35.986,9.21225,9.21356,1.00,1.00
2016.12.02 12:12:38.148,9.21221,9.21351,1.00,1.00
2016.12.02 12:12:38.380,9.21226,9.21357,1.00,1.00
2016.12.02 12:12:40.363,9.21233,9.21382,1.00,1.00
2016.12.02 12:12:40.417,9.21249,9.21387,1.00,1.00
2016.12.02 12:12:40.721,9.21195,9.21331,1.00,1.00
2016.12.02 12:12:41.432,9.21201,9.2134,1.00,1.00
2016.12.02 12:12:41.539,9.21212,9.21351,1.00,1.00
2016.12.02 12:12:42.403,9.2122,9.2135,1.00,1.00
2016.12.02 12:12:42.454,9.21227,9.21358,1.00,1.00
2016.12.02 12:12:43.448,9.21224,9.2139,1.00,1.00
2016.12.02 12:12:43.550,9.21245,9.21387,1.00,1.00
2016.12.02 12:12:43.853,9.21266,9.21397,1.00,1.00
2016.12.02 12:12:44.534,9.21258,9.21388,1.00,1.00
2016.12.02 12:12:45.537,9.21262,9.21393,1.00,1.00
2016.12.02 12:12:48.358,9.21265,9.21396,1.00,1.00
2016.12.02 12:12:49.344,9.21268,9.21398,1.00,1.00
2016.12.02 12:12:50.419,9.21267,9.21396,1.00,1.00
2016.12.02 12:12:50.509,9.21259,9.2139,1.00,1.00
2016.12.02 12:12:51.420,9.21265,9.21396,1.00,1.00
2016.12.02 12:12:52.019,9.21273,9.21403,1.00,1.00
2016.12.02 12:12:52.676,9.21268,9.21397,1.00,1.00
2016.12.02 12:12:53.063,9.21273,9.21403,1.00,1.00
2016.12.02 12:12:55.366,9.21269,9.214,1.00,1.00
2016.12.02 12:13:03.421,9.21266,9.21397,1.00,1.00
2016.12.02 12:13:10.415,9.21269,9.214,1.00,1.00
2016.12.02 12:13:12.370,9.21244,9.21375,1.00,1.00
2016.12.02 12:13:12.674,9.21236,9.21366,1.00,1.00
2016.12.02 12:13:13.400,9.21241,9.21372,1.00,1.00
2016.12.02 12:13:14.882,9.21237,9.21367,1.00,1.00
2016.12.02 12:13:15.069,9.21237,9.21372,1.00,1.00
2016.12.02 12:13:15.658,9.21237,9.21369,1.00,1.00
2016.12.02 12:13:15.997,9.21242,9.21373,1.00,1.00
2016.12.02 12:13:16.328,9.21229,9.2136,1.00,1.00
2016.12.02 12:13:16.697,9.2124,9.21371,1.00,1.00
2016.12.02 12:13:16.799,9.21229,9.21363,1.00,1.00
2016.12.02 12:13:16.900,9.21216,9.21352,1.00,1.00
2016.12.02 12:13:17.456,9.21227,9.21358,1.00,1.00
2016.12.02 12:13:19.919,9.21223,9.21353,1.00,1.00
2016.12.02 12:13:20.288,9.21229,9.21358,1.00,1.00
2016.12.02 12:13:22.015,9.21213,9.21351,1.00,1.00
2016.12.02 12:13:22.066,9.2122,9.21351,1.00,1.00
2016.12.02 12:13:22.421,9.212,9.21331,1.00,1.00
2016.12.02 12:13:22.623,9.21214,9.21343,1.00,1.00
2016.12.02 12:13:23.005,9.21227,9.21358,1.00,1.00
2016.12.02 12:13:23.636,9.21234,9.21365,1.00,1.00
2016.12.02 12:13:23.949,9.21256,9.21387,1.00,1.00
2016.12.02 12:13:24.815,9.21258,9.21389,1.00,1.00
2016.12.02 12:13:25.778,9.21257,9.21388,1.00,1.00
2016.12.02 12:13:27.492,9.21258,9.21388,1.00,1.00
2016.12.02 12:13:27.890,9.21266,9.21397,1.00,1.00
2016.12.02 12:13:28.876,9.21262,9.21392,1.00,1.00
2016.12.02 12:13:32.785,9.21247,9.21394,1.00,1.00
2016.12.02 12:13:32.836,9.21256,9.21403,1.00,1.00
2016.12.02 12:13:37.140,9.2125,9.21397,1.00,1.00
2016.12.02 12:13:38.189,9.21246,9.21393,1.00,1.00
2016.12.02 12:13:40.472,9.21252,9.2139,1.00,1.00
2016.12.02 12:13:41.881,9.2125,9.21381,1.00,1.00
2016.12.02 12:13:46.449,9.21242,9.21372,1.00,1.00
2016.12.02 12:13:46.500,9.2123,9.21365,1.00,1.00
2016.12.02 12:13:46.974,9.21246,9.21377,1.00,1.00
2016.12.02 12:13:47.970,9.21242,9.21372,1.00,1.00
2016.12.02 12:13:49.021,9.21245,9.21375,1.00,1.00
2016.12.02 12:13:55.609,9.21234,9.21371,1.00,1.00
2016.12.02 12:13:55.660,9.21215,9.21344,1.00,1.00
2016.12.02 12:13:55.710,9.21204,9.21341,1.00,1.00
2016.12.02 12:13:56.119,9.21188,9.21319,1.00,1.00
2016.12.02 12:13:56.648,9.21182,9.21313,1.00,1.00
2016.12.02 12:13:57.102,9.21191,9.21321,1.00,1.00
2016.12.02 12:13:57.203,9.21198,9.21329,1.00,1.00
2016.12.02 12:13:58.153,9.21199,9.2133,1.00,1.00
2016.12.02 12:13:59.072,9.21191,9.21322,1.00,1.00
2016.12.02 12:14:00.204,9.21198,9.21328,1.00,1.00
2016.12.02 12:14:00.683,9.21216,9.21345,1.00,1.00
2016.12.02 12:14:01.672,9.21209,9.2134,1.00,1.00
2016.12.02 12:14:03.210,9.21215,9.21346,1.00,1.00
2016.12.02 12:14:04.782,9.21215,9.21347,1.00,1.00
2016.12.02 12:14:08.379,9.21225,9.21356,1.00,1.00
2016.12.02 12:14:09.219,9.21239,9.2137,1.00,1.00
2016.12.02 12:14:09.370,9.2122,9.21363,1.00,1.00
2016.12.02 12:14:09.522,9.21197,9.21328,1.00,1.00
2016.12.02 12:14:09.835,9.21162,9.21293,1.00,1.00
2016.12.02 12:14:10.194,9.21149,9.21277,1.00,1.00
2016.12.02 12:14:10.867,9.21138,9.21269,1.00,1.00
2016.12.02 12:14:10.919,9.2112,9.2125,1.00,1.00
2016.12.02 12:14:11.222,9.21104,9.21235,1.00,1.00
2016.12.02 12:14:11.446,9.21107,9.2128,1.00,1.00
2016.12.02 12:14:11.496,9.21123,9.2128,1.00,1.00
2016.12.02 12:14:11.811,9.21139,9.2127,1.00,1.00
2016.12.02 12:14:12.565,9.21138,9.21267,1.00,1.00
2016.12.02 12:14:14.521,9.21133,9.21263,1.00,1.00
2016.12.02 12:14:14.572,9.21126,9.21257,1.00,1.00
2016.12.02 12:14:14.718,9.21114,9.21245,1.00,1.00
2016.12.02 12:14:15.206,9.21104,9.21235,1.00,1.00
2016.12.02 12:14:15.637,9.21099,9.2123,1.00,1.00
2016.12.02 12:14:16.072,9.21112,9.21243,1.00,1.00
2016.12.02 12:14:17.075,9.21113,9.21244,1.00,1.00
2016.12.02 12:14:17.861,9.21113,9.21243,1.00,1.00
2016.12.02 12:14:18.839,9.21116,9.21246,1.00,1.00
2016.12.02 12:14:19.823,9.2112,9.21249,1.00,1.00
2016.12.02 12:14:20.823,9.21116,9.21246,1.00,1.00
2016.12.02 12:14:23.213,9.21106,9.21235,1.00,1.00
2016.12.02 12:14:23.314,9.21112,9.21242,1.00,1.00
2016.12.02 12:14:24.393,9.21103,9.21233,1.00,1.00
2016.12.02 12:14:25.398,9.211,9.2123,1.00,1.00
2016.12.02 12:14:25.728,9.21107,9.21237,1.00,1.00
2016.12.02 12:14:26.031,9.21085,9.21215,1.00,1.00
2016.12.02 12:14:26.542,9.21078,9.21207,1.00,1.00
2016.12.02 12:14:27.037,9.21083,9.21213,1.00,1.00
2016.12.02 12:14:28.080,9.21084,9.21214,1.00,1.00
2016.12.02 12:14:28.979,9.21092,9.21222,1.00,1.00
2016.12.02 12:14:29.080,9.21065,9.21206,1.00,1.00
2016.12.02 12:14:29.689,9.2106,9.21206,1.00,1.00
2016.12.02 12:14:30.268,9.21053,9.21206,1.00,1.00
2016.12.02 12:14:30.369,9.21063,9.21206,1.00,1.00
2016.12.02 12:14:31.848,9.21068,9.21211,1.00,1.00
2016.12.02 12:14:31.950,9.21068,9.21237,1.00,1.00
2016.12.02 12:14:32.085,9.21066,9.21209,1.00,1.00
2016.12.02 12:14:32.433,9.21066,9.21211,1.00,1.00
2016.12.02 12:14:32.669,9.21088,9.21219,1.00,1.00
2016.12.02 12:14:32.972,9.21108,9.21239,1.00,1.00
2016.12.02 12:14:33.274,9.21129,9.21259,1.00,1.00
2016.12.02 12:14:34.064,9.21131,9.21262,1.00,1.00
2016.12.02 12:14:34.590,9.21131,9.21288,1.00,1.00
2016.12.02 12:14:34.827,9.21128,9.21259,1.00,1.00
2016.12.02 12:14:35.082,9.2113,9.21288,1.00,1.00
2016.12.02 12:14:35.703,9.21129,9.21286,1.00,1.00
2016.12.02 12:14:36.450,9.21128,9.21285,1.00,1.00
2016.12.02 12:14:36.760,9.21123,9.21253,1.00,1.00
2016.12.02 12:14:37.076,9.21114,9.21242,1.00,1.00
2016.12.02 12:14:37.127,9.21123,9.21253,1.00,1.00
2016.12.02 12:14:37.326,9.21114,9.21242,1.00,1.00
2016.12.02 12:14:37.631,9.21131,9.21261,1.00,1.00
2016.12.02 12:14:37.874,9.21134,9.21291,1.00,1.00
2016.12.02 12:14:38.353,9.21125,9.21256,1.00,1.00
2016.12.02 12:14:38.552,9.2113,9.21285,1.00,1.00
2016.12.02 12:14:40.565,9.2113,9.21284,1.00,1.00
2016.12.02 12:14:42.658,9.2113,9.21282,1.00,1.00
2016.12.02 12:14:43.764,9.21098,9.2125,1.00,1.00
2016.12.02 12:14:44.762,9.2109,9.21242,1.00,1.00
2016.12.02 12:14:45.861,9.21102,9.21233,1.00,1.00
2016.12.02 12:14:46.578,9.21113,9.21242,1.00,1.00
2016.12.02 12:14:46.739,9.21124,9.21255,1.00,1.00
2016.12.02 12:14:46.955,9.21136,9.21262,1.00,1.00
2016.12.02 12:14:47.361,9.21138,9.21262,1.00,1.00
2016.12.02 12:14:47.619,9.21124,9.21254,1.00,1.00
2016.12.02 12:14:48.668,9.21126,9.21255,1.00,1.00
2016.12.02 12:14:50.786,9.21121,9.21251,1.00,1.00
2016.12.02 12:14:52.786,9.21112,9.21241,1.00,1.00
2016.12.02 12:14:52.939,9.21101,9.21232,1.00,1.00
2016.12.02 12:14:56.540,9.21094,9.21224,1.00,1.00
2016.12.02 12:14:56.742,9.21104,9.21235,1.00,1.00
2016.12.02 12:14:57.005,9.21114,9.21245,1.00,1.00
2016.12.02 12:15:00.326,9.21104,9.21235,1.00,1.00
2016.12.02 12:15:01.310,9.21101,9.21232,1.00,1.00
2016.12.02 12:15:01.539,9.21084,9.21222,1.00,1.00
2016.12.02 12:15:01.948,9.21097,9.21227,1.00,1.00
2016.12.02 12:15:02.530,9.21106,9.21237,1.00,1.00
2016.12.02 12:15:02.741,9.21094,9.21224,1.00,1.00
2016.12.02 12:15:03.363,9.21077,9.21229,1.00,1.00
2016.12.02 12:15:03.414,9.21086,9.21238,1.00,1.00
2016.12.02 12:15:05.697,9.21082,9.21233,1.00,1.00
2016.12.02 12:15:06.495,9.21087,9.21238,1.00,1.00
2016.12.02 12:15:07.105,9.21082,9.21233,1.00,1.00
2016.12.02 12:15:09.809,9.211,9.2123,1.00,1.00
2016.12.02 12:15:10.623,9.2111,9.21241,1.00,1.00
2016.12.02 12:15:12.503,9.21125,9.21259,1.00,1.00
2016.12.02 12:15:12.780,9.21112,9.21242,1.00,1.00
2016.12.02 12:15:13.227,9.21122,9.21253,1.00,1.00
2016.12.02 12:15:13.579,9.21104,9.21235,1.00,1.00
2016.12.02 12:15:14.117,9.21121,9.21252,1.00,1.00
2016.12.02 12:15:14.546,9.21107,9.21236,1.00,1.00
2016.12.02 12:15:16.696,9.21114,9.21244,1.00,1.00
2016.12.02 12:15:17.718,9.21111,9.21241,1.00,1.00
2016.12.02 12:15:18.863,9.21098,9.21228,1.00,1.00
2016.12.02 12:15:19.255,9.21112,9.21243,1.00,1.00
2016.12.02 12:15:19.863,9.21117,9.21247,1.00,1.00
2016.12.02 12:15:20.211,9.21111,9.21241,1.00,1.00
2016.12.02 12:15:20.413,9.21113,9.21252,1.00,1.00
2016.12.02 12:15:20.464,9.21135,9.21266,1.00,1.00
2016.12.02 12:15:20.514,9.21138,9.21272,1.00,1.00
2016.12.02 12:15:20.565,9.21165,9.21292,1.00,1.00
2016.12.02 12:15:20.668,9.21189,9.21319,1.00,1.00
2016.12.02 12:15:20.719,9.2121,9.21341,1.00,1.00
2016.12.02 12:15:21.538,9.21202,9.21333,1.00,1.00
2016.12.02 12:15:23.595,9.21196,9.21327,1.00,1.00
2016.12.02 12:15:23.898,9.2119,9.2132,1.00,1.00
2016.12.02 12:15:24.845,9.21209,9.21338,1.00,1.00
2016.12.02 12:15:24.954,9.21197,9.21328,1.00,1.00
2016.12.02 12:15:25.892,9.21193,9.21324,1.00,1.00
2016.12.02 12:15:26.271,9.21199,9.21328,1.00,1.00
2016.12.02 12:15:26.684,9.21175,9.21305,1.00,1.00
2016.12.02 12:15:26.735,9.21183,9.21314,1.00,1.00
2016.12.02 12:15:26.786,9.21171,9.21302,1.00,1.00
2016.12.02 12:15:27.126,9.2116,9.21291,1.00,1.00
2016.12.02 12:15:28.116,9.21159,9.2129,1.00,1.00
2016.12.02 12:15:30.872,9.21153,9.21284,1.00,1.00
2016.12.02 12:15:31.197,9.21159,9.2129,1.00,1.00
2016.12.02 12:15:33.080,9.21153,9.21284,1.00,1.00
2016.12.02 12:15:33.414,9.21147,9.21278,1.00,1.00
2016.12.02 12:15:34.119,9.2115,9.2128,1.00,1.00
2016.12.02 12:15:35.278,9.21152,9.21282,1.00,1.00
2016.12.02 12:15:36.296,9.21147,9.21277,1.00,1.00
2016.12.02 12:15:36.676,9.21143,9.21272,1.00,1.00
2016.12.02 12:15:38.280,9.21105,9.21235,1.00,1.00
2016.12.02 12:15:39.119,9.2111,9.21249,1.00,1.00
2016.12.02 12:15:39.220,9.21132,9.21262,1.00,1.00
2016.12.02 12:15:39.573,9.21143,9.21273,1.00,1.00
2016.12.02 12:15:40.495,9.21137,9.21267,1.00,1.00
2016.12.02 12:15:40.798,9.21111,9.21241,1.00,1.00
2016.12.02 12:15:41.501,9.21107,9.21235,1.00,1.00
2016.12.02 12:15:42.805,9.21102,9.21232,1.00,1.00
2016.12.02 12:15:43.789,9.21098,9.21228,1.00,1.00
2016.12.02 12:15:44.065,9.21087,9.2122,1.00,1.00
2016.12.02 12:15:44.116,9.21077,9.2121,1.00,1.00
2016.12.02 12:15:44.267,9.2106,9.21194,1.00,1.00
2016.12.02 12:15:44.671,9.21052,9.21185,1.00,1.00
2016.12.02 12:15:45.074,9.21054,9.21185,1.00,1.00
2016.12.02 12:15:45.712,9.2105,9.21178,1.00,1.00
2016.12.02 12:15:47.036,9.21044,9.21175,1.00,1.00
2016.12.02 12:15:47.188,9.2105,9.21181,1.00,1.00
2016.12.02 12:15:48.706,9.21048,9.21178,1.00,1.00
2016.12.02 12:15:49.062,9.21043,9.21173,1.00,1.00
2016.12.02 12:15:49.631,9.21044,9.21173,1.00,1.00
2016.12.02 12:15:49.907,9.21055,9.21185,1.00,1.00
2016.12.02 12:15:50.008,9.21078,9.21208,1.00,1.00
2016.12.02 12:15:50.312,9.2109,9.21219,1.00,1.00
2016.12.02 12:15:51.092,9.21092,9.21222,1.00,1.00
2016.12.02 12:15:51.142,9.21107,9.21237,1.00,1.00
2016.12.02 12:15:53.171,9.21107,9.21236,1.00,1.00
2016.12.02 12:15:53.765,9.21112,9.21251,1.00,1.00
2016.12.02 12:15:53.866,9.21106,9.21245,1.00,1.00
2016.12.02 12:15:54.068,9.21089,9.21232,1.00,1.00
2016.12.02 12:15:54.512,9.21079,9.2122,1.00,1.00
2016.12.02 12:15:54.783,9.21086,9.21229,1.00,1.00
2016.12.02 12:15:55.321,9.21087,9.21229,1.00,1.00
2016.12.02 12:15:55.514,9.21094,9.21235,1.00,1.00
2016.12.02 12:15:55.864,9.21102,9.21235,1.00,1.00
2016.12.02 12:15:56.850,9.21069,9.21203,1.00,1.00
2016.12.02 12:15:57.828,9.2107,9.21205,1.00,1.00
2016.12.02 12:15:59.846,9.21064,9.21198,1.00,1.00
2016.12.02 12:15:59.897,9.2107,9.21205,1.00,1.00
2016.12.02 12:16:00.426,9.21062,9.21197,1.00,1.00
2016.12.02 12:16:00.828,9.2107,9.21205,1.00,1.00
2016.12.02 12:16:02.649,9.21039,9.21205,1.00,1.00
2016.12.02 12:16:02.700,9.21031,9.21188,1.00,1.00
2016.12.02 12:16:03.003,9.20998,9.21132,1.00,1.00
2016.12.02 12:16:03.155,9.21005,9.21159,1.00,1.00
2016.12.02 12:16:03.206,9.20999,9.21129,1.00,1.00
2016.12.02 12:16:03.407,9.21007,9.21138,1.00,1.00
2016.12.02 12:16:04.128,9.20991,9.21122,1.00,1.00
2016.12.02 12:16:04.436,9.21004,9.21135,1.00,1.00
2016.12.02 12:16:05.039,9.21016,9.21146,1.00,1.00
2016.12.02 12:16:06.039,9.21021,9.2115,1.00,1.00
2016.12.02 12:16:07.115,9.21026,9.21157,1.00,1.00
2016.12.02 12:16:07.166,9.21037,9.21168,1.00,1.00
2016.12.02 12:16:07.468,9.21046,9.21177,1.00,1.00
2016.12.02 12:16:07.880,9.21061,9.21192,1.00,1.00
2016.12.02 12:16:08.183,9.21073,9.21204,1.00,1.00
2016.12.02 12:16:08.513,9.21055,9.21185,1.00,1.00
2016.12.02 12:16:08.816,9.21037,9.21166,1.00,1.00
2016.12.02 12:16:09.532,9.21041,9.21171,1.00,1.00
2016.12.02 12:16:10.331,9.21036,9.21167,1.00,1.00
2016.12.02 12:16:10.961,9.21043,9.21174,1.00,1.00
2016.12.02 12:16:11.264,9.21052,9.21183,1.00,1.00
2016.12.02 12:16:11.614,9.21059,9.21189,1.00,1.00
2016.12.02 12:16:12.333,9.21063,9.21194,1.00,1.00
2016.12.02 12:16:12.833,9.21056,9.21193,1.00,1.00
2016.12.02 12:16:14.556,9.21034,9.2117,1.00,1.00
2016.12.02 12:16:14.657,9.21024,9.21161,1.00,1.00
2016.12.02 12:16:14.859,9.21033,9.21169,1.00,1.00
2016.12.02 12:16:15.078,9.21017,9.21154,1.00,1.00
2016.12.02 12:16:15.458,9.21039,9.21176,1.00,1.00
2016.12.02 12:16:15.761,9.21029,9.21166,1.00,1.00
2016.12.02 12:16:16.294,9.21038,9.21174,1.00,1.00
2016.12.02 12:16:17.203,9.21034,9.2117,1.00,1.00
2016.12.02 12:16:17.315,9.21039,9.21176,1.00,1.00
2016.12.02 12:16:18.796,9.2104,9.21177,1.00,1.00
2016.12.02 12:16:18.849,9.21033,9.21169,1.00,1.00
2016.12.02 12:16:24.265,9.21011,9.21147,1.00,1.00
2016.12.02 12:16:24.316,9.21001,9.21138,1.00,1.00
2016.12.02 12:16:24.367,9.20989,9.21141,1.00,1.00
2016.12.02 12:16:24.841,9.21006,9.21157,1.00,1.00
2016.12.02 12:16:25.402,9.21011,9.21157,1.00,1.00
2016.12.02 12:16:25.781,9.21021,9.21157,1.00,1.00
2016.12.02 12:16:26.256,9.21021,9.21162,1.00,1.00
2016.12.02 12:16:26.781,9.21026,9.21167,1.00,1.00
2016.12.02 12:16:27.134,9.2103,9.21171,1.00,1.00
2016.12.02 12:16:27.876,9.21028,9.2117,1.00,1.00
2016.12.02 12:16:28.027,9.21022,9.21163,1.00,1.00
2016.12.02 12:16:29.056,9.21026,9.21166,1.00,1.00
2016.12.02 12:16:29.438,9.21019,9.2116,1.00,1.00
2016.12.02 12:16:29.740,9.21039,9.21179,1.00,1.00
2016.12.02 12:16:30.439,9.21046,9.21187,1.00,1.00
2016.12.02 12:16:30.641,9.21059,9.212,1.00,1.50
2016.12.02 12:16:30.990,9.21066,9.21206,1.00,1.00
2016.12.02 12:16:31.799,9.21067,9.21208,1.00,1.00
2016.12.02 12:16:32.236,9.21061,9.21202,1.00,1.00
2016.12.02 12:16:32.844,9.21067,9.21208,1.00,1.00
2016.12.02 12:16:33.816,9.21068,9.21209,1.00,1.00
2016.12.02 12:16:34.545,9.21062,9.21203,1.00,1.00
2016.12.02 12:16:34.852,9.21068,9.21209,1.00,1.00
2016.12.02 12:16:35.916,9.2107,9.21211,1.00,1.00
2016.12.02 12:16:40.812,9.21076,9.21205,1.00,1.00
2016.12.02 12:16:41.120,9.21059,9.21189,1.00,1.00
2016.12.02 12:16:41.661,9.2107,9.21198,1.00,1.00
2016.12.02 12:16:41.912,9.21054,9.21184,1.00,1.00
2016.12.02 12:16:42.082,9.21027,9.21155,1.00,1.00
2016.12.02 12:16:42.652,9.21035,9.21164,1.00,1.00
2016.12.02 12:16:42.956,9.21042,9.21172,1.00,1.00
2016.12.02 12:16:43.107,9.21057,9.21187,1.00,1.00
2016.12.02 12:16:43.428,9.21059,9.21189,1.00,1.00
2016.12.02 12:16:44.250,9.21067,9.21197,1.00,1.00
2016.12.02 12:16:44.570,9.21052,9.21182,1.00,1.00
2016.12.02 12:16:44.970,9.21051,9.2118,1.00,1.00
2016.12.02 12:16:45.583,9.21056,9.21186,1.00,1.00
2016.12.02 12:16:46.980,9.21063,9.21192,1.00,1.00
2016.12.02 12:16:48.177,9.21055,9.21185,1.00,1.00
2016.12.02 12:16:49.128,9.2103,9.2116,1.00,1.00
2016.12.02 12:16:49.432,9.2102,9.2115,1.00,1.00
2016.12.02 12:16:49.735,9.20997,9.21124,1.00,1.00
2016.12.02 12:16:50.531,9.20989,9.21119,1.00,1.00
2016.12.02 12:16:50.582,9.20984,9.21113,1.00,1.00
2016.12.02 12:16:50.683,9.20977,9.21107,1.00,1.00
2016.12.02 12:16:51.651,9.20982,9.21111,1.00,1.00
2016.12.02 12:16:51.937,9.20976,9.21106,1.00,1.00
2016.12.02 12:16:55.915,9.2098,9.2111,1.00,1.00
2016.12.02 12:16:56.841,9.20985,9.21114,1.00,1.00
2016.12.02 12:16:56.942,9.20989,9.21119,1.00,1.00
2016.12.02 12:16:57.848,9.20985,9.21114,1.00,1.00
2016.12.02 12:16:58.849,9.20983,9.21113,1.00,1.00
2016.12.02 12:16:59.342,9.21004,9.21134,1.00,1.00
2016.12.02 12:16:59.653,9.21018,9.21147,1.00,1.00
2016.12.02 12:16:59.964,9.21027,9.21157,1.00,1.00
2016.12.02 12:17:02.161,9.21033,9.21163,1.00,1.00
2016.12.02 12:17:03.855,9.21031,9.21161,1.00,1.00
2016.12.02 12:17:04.284,9.21043,9.21171,1.00,1.00
2016.12.02 12:17:04.385,9.21052,9.21182,1.00,1.00
2016.12.02 12:17:04.588,9.21042,9.21172,1.00,1.00
2016.12.02 12:17:04.908,9.21053,9.21183,1.00,1.00
2016.12.02 12:17:05.233,9.21086,9.21217,1.00,1.00
2016.12.02 12:17:05.284,9.2107,9.212,1.00,1.00
2016.12.02 12:17:05.875,9.21094,9.21222,1.00,1.00
2016.12.02 12:17:06.480,9.21082,9.21211,1.00,1.00
2016.12.02 12:17:07.014,9.21072,9.21201,1.00,1.00
2016.12.02 12:17:10.883,9.21068,9.21198,1.00,1.00
2016.12.02 12:17:11.944,9.21075,9.21204,1.00,1.00
2016.12.02 12:17:12.956,9.21071,9.21201,1.00,1.00
2016.12.02 12:17:15.247,9.21079,9.21209,1.00,1.00
2016.12.02 12:17:15.549,9.21071,9.21201,1.00,1.00
2016.12.02 12:17:18.286,9.21061,9.21191,1.00,1.00
2016.12.02 12:17:21.784,9.21072,9.21201,1.00,1.00
2016.12.02 12:17:21.986,9.21102,9.21232,1.00,1.00
2016.12.02 12:17:22.204,9.21091,9.21221,1.00,1.00
2016.12.02 12:17:22.854,9.21082,9.2121,1.00,1.00
2016.12.02 12:17:23.564,9.21092,9.21221,1.00,1.00
2016.12.02 12:17:23.652,9.21084,9.21214,1.00,1.00
2016.12.02 12:17:23.723,9.21093,9.21223,1.00,1.00
2016.12.02 12:17:24.053,9.21074,9.21204,1.00,1.00
2016.12.02 12:17:24.355,9.21029,9.21159,1.00,1.00
2016.12.02 12:17:25.108,9.21023,9.21152,1.00,1.00
2016.12.02 12:17:26.168,9.2102,9.2115,1.00,1.00
2016.12.02 12:17:26.794,9.2102,9.21151,1.00,1.00
2016.12.02 12:17:27.194,9.21015,9.21146,1.00,1.00
2016.12.02 12:17:27.504,9.21005,9.21136,1.00,1.00
2016.12.02 12:17:27.846,9.20998,9.21128,1.00,1.00
2016.12.02 12:17:28.251,9.20992,9.21123,1.00,1.00
2016.12.02 12:17:29.558,9.21,9.21131,1.00,1.00
2016.12.02 12:17:29.997,9.20995,9.21125,1.00,1.00
2016.12.02 12:17:30.741,9.21,9.21131,1.00,1.00
2016.12.02 12:17:31.177,9.20986,9.21117,1.00,1.00
2016.12.02 12:17:32.171,9.20982,9.21112,1.00,1.00
2016.12.02 12:17:32.857,9.20997,9.21128,1.00,1.00
2016.12.02 12:17:32.964,9.20988,9.21119,1.00,1.00
2016.12.02 12:17:33.722,9.21002,9.21133,1.00,1.00
2016.12.02 12:17:34.038,9.21024,9.21152,1.00,1.00
2016.12.02 12:17:36.040,9.2102,9.21151,1.00,1.00
2016.12.02 12:17:36.191,9.21026,9.21157,1.00,1.00
2016.12.02 12:17:40.936,9.21021,9.21152,1.00,1.00
2016.12.02 12:17:41.347,9.21031,9.21162,1.00,1.00
2016.12.02 12:17:41.923,9.2104,9.21169,1.00,1.00
2016.12.02 12:17:42.125,9.21069,9.212,1.00,1.00
2016.12.02 12:17:42.988,9.21075,9.21205,1.00,1.00
2016.12.02 12:17:43.291,9.21069,9.21199,1.00,1.00
2016.12.02 12:17:44.043,9.2107,9.212,1.00,1.00
2016.12.02 12:17:45.433,9.21052,9.21183,1.00,1.00
2016.12.02 12:17:45.693,9.21067,9.21198,1.00,1.00
2016.12.02 12:17:46.995,9.21072,9.21202,1.00,1.00
2016.12.02 12:17:47.096,9.21079,9.2121,1.00,1.00
2016.12.02 12:17:47.197,9.21071,9.212,1.00,1.00
2016.12.02 12:17:48.146,9.21064,9.21195,1.00,1.00
2016.12.02 12:17:49.137,9.21062,9.21193,1.00,1.00
2016.12.02 12:17:51.022,9.21059,9.2119,1.00,1.00
2016.12.02 12:17:52.054,9.21065,9.21196,1.00,1.00
2016.12.02 12:17:52.399,9.21059,9.2119,1.00,1.00
2016.12.02 12:17:52.712,9.21077,9.21208,1.00,1.00
2016.12.02 12:17:53.065,9.21086,9.21216,1.00,1.00
2016.12.02 12:17:54.758,9.21096,9.21226,1.00,1.00
2016.12.02 12:17:55.738,9.21105,9.21236,1.00,1.00
2016.12.02 12:17:56.218,9.21115,9.21246,1.00,1.00
2016.12.02 12:17:56.522,9.21144,9.21272,1.00,1.00
2016.12.02 12:17:56.623,9.21124,9.21255,1.00,1.00
2016.12.02 12:17:57.608,9.21115,9.21246,1.00,1.00
2016.12.02 12:17:57.953,9.21108,9.21238,1.00,1.00
2016.12.02 12:17:58.004,9.21092,9.21223,1.00,1.00
2016.12.02 12:17:58.054,9.21082,9.21212,1.00,1.00
2016.12.02 12:17:58.357,9.21113,9.21244,1.00,1.00
2016.12.02 12:17:58.408,9.21094,9.21224,1.00,1.00
2016.12.02 12:17:58.893,9.21078,9.21208,1.00,1.00
2016.12.02 12:17:59.695,9.21084,9.21215,1.00,1.00
2016.12.02 12:18:00.146,9.21094,9.21224,1.00,1.00
2016.12.02 12:18:00.491,9.21088,9.21217,1.00,1.00
2016.12.02 12:18:00.656,9.21097,9.21228,1.00,1.00
2016.12.02 12:18:03.986,9.21097,9.21225,1.00,1.00
2016.12.02 12:18:05.430,9.21102,9.21233,1.00,1.00
2016.12.02 12:18:06.136,9.21109,9.2124,1.00,1.00
2016.12.02 12:18:07.270,9.21112,9.21243,1.00,1.00
2016.12.02 12:18:07.610,9.21125,9.21256,1.00,1.00
2016.12.02 12:18:08.151,9.21131,9.21262,1.00,1.00
2016.12.02 12:18:08.576,9.21126,9.21256,1.00,1.00
2016.12.02 12:18:08.875,9.21138,9.21269,1.00,1.00
2016.12.02 12:18:09.529,9.21133,9.21263,1.00,1.00
2016.12.02 12:18:09.957,9.21139,9.2127,1.00,1.00
2016.12.02 12:18:10.989,9.21136,9.21265,1.00,1.00
2016.12.02 12:18:13.172,9.21142,9.21273,1.00,1.00
2016.12.02 12:18:14.352,9.21137,9.21268,1.00,1.00
2016.12.02 12:18:15.337,9.21134,9.21262,1.00,1.00
2016.12.02 12:18:21.082,9.21134,9.21264,1.00,1.00
2016.12.02 12:18:23.548,9.21146,9.21274,1.00,1.00
2016.12.02 12:18:23.599,9.21137,9.21267,1.00,1.00
2016.12.02 12:18:24.573,9.21138,9.21268,1.00,1.00
2016.12.02 12:18:25.335,9.21143,9.21293,1.00,1.00
2016.12.02 12:18:25.436,9.21164,9.21306,1.00,1.00
2016.12.02 12:18:25.820,9.21177,9.21306,1.00,1.00
2016.12.02 12:18:25.871,9.21189,9.21319,1.00,1.00
2016.12.02 12:18:26.856,9.21185,9.21314,1.00,1.00
2016.12.02 12:18:28.141,9.21184,9.21314,1.00,1.00
2016.12.02 12:18:28.844,9.21214,9.21332,1.00,1.00
2016.12.02 12:18:28.895,9.21204,9.21332,1.00,1.00
2016.12.02 12:18:29.046,9.21204,9.21334,1.00,1.00
2016.12.02 12:18:31.110,9.21201,9.21332,1.00,1.00
2016.12.02 12:18:31.161,9.21194,9.21324,1.00,1.00
2016.12.02 12:18:31.463,9.21194,9.21322,1.00,1.00
2016.12.02 12:18:32.096,9.21184,9.21314,1.00,1.00
2016.12.02 12:18:32.975,9.21187,9.21321,1.00,1.00
2016.12.02 12:18:33.026,9.21217,9.21347,1.00,1.00
2016.12.02 12:18:33.328,9.21225,9.21355,1.00,1.00
2016.12.02 12:18:34.083,9.2123,9.21359,1.00,1.00
2016.12.02 12:18:35.080,9.21231,9.21361,1.00,1.00
2016.12.02 12:18:36.145,9.2123,9.21359,1.00,1.00
2016.12.02 12:18:41.048,9.21224,9.21354,1.00,1.00
2016.12.02 12:18:42.035,9.21213,9.21343,1.00,1.00
2016.12.02 12:18:42.351,9.21217,9.21347,1.00,1.00
2016.12.02 12:18:42.671,9.21222,9.21357,1.00,1.00
2016.12.02 12:18:44.305,9.21231,9.2136,1.00,1.00
2016.12.02 12:18:45.433,9.21221,9.21351,1.00,1.00
2016.12.02 12:18:45.862,9.21231,9.21361,1.00,1.00
2016.12.02 12:18:46.171,9.2122,9.2135,1.00,1.00
2016.12.02 12:18:49.194,9.21229,9.21359,1.00,1.00
2016.12.02 12:18:49.496,9.21238,9.21367,1.00,1.00
2016.12.02 12:18:50.191,9.21236,9.21366,1.00,1.00
2016.12.02 12:18:51.188,9.21235,9.21365,1.00,1.00
2016.12.02 12:18:51.239,9.21245,9.21375,1.00,1.00
2016.12.02 12:18:52.597,9.21235,9.21365,1.00,1.00
2016.12.02 12:18:53.920,9.21246,9.21375,1.00,1.00
2016.12.02 12:18:54.172,9.21236,9.21366,1.00,1.00
2016.12.02 12:18:54.324,9.2123,9.21357,1.00,1.00
2016.12.02 12:18:56.090,9.21223,9.21353,1.00,1.00
2016.12.02 12:18:56.841,9.21217,9.21345,1.00,1.00
2016.12.02 12:18:56.892,9.21209,9.21339,1.00,1.00
2016.12.02 12:18:57.851,9.21205,9.21333,1.00,1.00
2016.12.02 12:18:58.161,9.21209,9.21339,1.00,1.00
2016.12.02 12:18:58.979,9.21222,9.21352,1.00,1.00
2016.12.02 12:18:59.364,9.21209,9.21339,1.00,1.00
2016.12.02 12:18:59.693,9.21223,9.21353,1.00,1.00
2016.12.02 12:19:00.056,9.21234,9.21364,1.00,1.50
2016.12.02 12:19:00.410,9.21219,9.21349,1.00,1.00
2016.12.02 12:19:00.711,9.21207,9.21335,1.00,1.00
2016.12.02 12:19:01.483,9.21208,9.21338,1.00,1.00
2016.12.02 12:19:01.644,9.21203,9.21333,1.00,1.00
2016.12.02 12:19:01.947,9.21195,9.21325,1.00,1.00
2016.12.02 12:19:02.400,9.21185,9.21313,1.00,1.00
2016.12.02 12:19:02.693,9.21196,9.21326,1.00,1.00
2016.12.02 12:19:04.101,9.21198,9.21328,1.00,1.00
2016.12.02 12:19:04.514,9.21193,9.21323,1.00,1.00
2016.12.02 12:19:05.226,9.21199,9.21329,1.00,1.00
2016.12.02 12:19:05.571,9.21193,9.21321,1.00,1.00
2016.12.02 12:19:05.734,9.21205,9.21334,1.00,1.00
2016.12.02 12:19:06.576,9.21212,9.21354,1.00,1.00
2016.12.02 12:19:06.728,9.21206,9.21349,1.00,1.00
2016.12.02 12:19:07.079,9.21196,9.21326,1.00,1.00
2016.12.02 12:19:07.130,9.2121,9.21348,1.00,1.00
2016.12.02 12:19:07.577,9.21203,9.21333,1.00,1.00
2016.12.02 12:19:08.413,9.21202,9.21333,1.00,1.00
2016.12.02 12:19:10.104,9.21211,9.2134,1.00,1.00
2016.12.02 12:19:10.583,9.21205,9.21336,1.00,1.00
2016.12.02 12:19:11.109,9.21204,9.21334,1.00,1.00
2016.12.02 12:19:11.617,9.21219,9.21349,1.00,1.00
2016.12.02 12:19:11.719,9.2121,9.21341,1.00,1.00
2016.12.02 12:19:12.155,9.21217,9.21347,1.00,1.00
2016.12.02 12:19:12.850,9.21223,9.21352,1.00,1.00
2016.12.02 12:19:13.536,9.21234,9.21365,1.00,1.00
2016.12.02 12:19:13.738,9.21245,9.21375,1.00,1.00
2016.12.02 12:19:13.840,9.21235,9.21366,1.00,1.00
2016.12.02 12:19:14.839,9.21233,9.21364,1.00,1.00
2016.12.02 12:19:16.056,9.21229,9.21359,1.00,1.00
2016.12.02 12:19:16.258,9.21217,9.21348,1.00,1.00
2016.12.02 12:19:16.360,9.21204,9.21335,1.00,1.00
2016.12.02 12:19:16.663,9.21218,9.21349,1.00,1.00
2016.12.02 12:19:17.163,9.21227,9.21357,1.00,1.00
2016.12.02 12:19:17.264,9.2124,9.21371,1.00,1.00
2016.12.02 12:19:17.533,9.21228,9.21357,1.00,1.00
2016.12.02 12:19:18.537,9.21225,9.21357,1.00,1.00
2016.12.02 12:19:19.566,9.21227,9.21358,1.00,1.00
2016.12.02 12:19:21.196,9.21233,9.21363,1.00,1.00
2016.12.02 12:19:23.382,9.21231,9.21382,1.00,1.00
2016.12.02 12:19:23.433,9.21258,9.2139,1.00,1.00
2016.12.02 12:19:23.734,9.21248,9.21377,1.00,1.00
2016.12.02 12:19:24.361,9.21227,9.21358,1.00,1.00
2016.12.02 12:19:24.463,9.2121,9.21342,1.00,1.00
2016.12.02 12:19:24.765,9.212,9.21331,1.00,1.00
2016.12.02 12:19:25.080,9.21217,9.21346,1.00,1.00
2016.12.02 12:19:25.323,9.21215,9.21346,1.00,1.00
2016.12.02 12:19:25.475,9.21203,9.21334,1.00,1.00
2016.12.02 12:19:25.817,9.21215,9.21346,1.00,1.00
2016.12.02 12:19:26.141,9.21199,9.21331,1.00,1.00
2016.12.02 12:19:26.555,9.21209,9.2134,1.00,1.00
2016.12.02 12:19:26.874,9.21207,9.21338,1.00,1.00
2016.12.02 12:19:27.573,9.21195,9.21326,1.00,1.00
2016.12.02 12:19:27.697,9.21202,9.21334,1.00,1.00
2016.12.02 12:19:27.748,9.21191,9.21323,1.00,1.00
2016.12.02 12:19:28.559,9.21185,9.21316,1.00,1.00
2016.12.02 12:19:33.914,9.21178,9.2131,1.00,1.00
2016.12.02 12:19:35.833,9.21174,9.21306,1.00,1.00
2016.12.02 12:19:36.950,9.21168,9.213,1.00,1.00
2016.12.02 12:19:37.291,9.21181,9.21313,1.00,1.00
2016.12.02 12:19:38.146,9.21186,9.21318,1.00,1.00
2016.12.02 12:19:39.126,9.21174,9.21306,1.00,1.00
2016.12.02 12:19:40.696,9.21178,9.2131,1.00,1.00
2016.12.02 12:19:41.676,9.21176,9.21307,1.00,1.00
2016.12.02 12:19:42.382,9.2117,9.21302,1.00,1.00
2016.12.02 12:19:42.433,9.21161,9.21293,1.00,1.00
2016.12.02 12:19:42.736,9.2117,9.21302,1.00,1.00
2016.12.02 12:19:43.039,9.21181,9.21313,1.00,1.00
2016.12.02 12:19:43.351,9.21183,9.21312,1.00,1.00
2016.12.02 12:19:43.452,9.21172,9.21303,1.00,1.00
2016.12.02 12:19:43.904,9.21165,9.21296,1.00,1.00
2016.12.02 12:19:44.877,9.21159,9.2129,1.00,1.00
2016.12.02 12:19:46.424,9.21166,9.21297,1.00,1.00
2016.12.02 12:19:46.728,9.21164,9.21294,1.00,1.00
2016.12.02 12:19:47.089,9.21172,9.21303,1.00,1.00
2016.12.02 12:19:48.090,9.21168,9.21299,1.00,1.00
2016.12.02 12:19:49.183,9.21166,9.21297,1.00,1.00
2016.12.02 12:19:49.976,9.21172,9.21303,1.00,1.00
2016.12.02 12:19:50.971,9.21166,9.21297,1.00,1.00
2016.12.02 12:19:51.302,9.21172,9.21303,1.00,1.00
2016.12.02 12:19:51.951,9.21166,9.21297,1.00,1.00
2016.12.02 12:19:52.952,9.21171,9.21301,1.00,1.00
2016.12.02 12:19:53.954,9.21166,9.21297,1.00,1.00
2016.12.02 12:19:54.959,9.21171,9.21301,1.00,1.00
2016.12.02 12:19:56.000,9.21166,9.21297,1.00,1.00
2016.12.02 12:19:56.051,9.21142,9.21278,1.00,1.00
2016.12.02 12:19:56.153,9.21135,9.21266,1.00,1.00
2016.12.02 12:19:56.456,9.21124,9.21255,1.00,1.00
2016.12.02 12:19:57.331,9.21129,9.21259,1.00,1.00
2016.12.02 12:19:57.570,9.2112,9.21251,1.00,1.00
2016.12.02 12:19:58.333,9.21115,9.21246,1.00,1.00
2016.12.02 12:19:59.516,9.21122,9.21253,1.00,1.00
2016.12.02 12:19:59.829,9.21124,9.21254,1.00,1.00
2016.12.02 12:20:00.065,9.21112,9.21243,1.00,1.00
2016.12.02 12:20:00.750,9.21118,9.21246,1.00,1.00
2016.12.02 12:20:01.202,9.21124,9.21254,1.00,1.00
2016.12.02 12:20:01.253,9.21115,9.21245,1.00,1.00
2016.12.02 12:20:01.567,9.21126,9.21256,1.00,1.00
2016.12.02 12:20:03.164,9.21122,9.21251,1.00,1.00
2016.12.02 12:20:03.704,9.21117,9.21246,1.00,1.00
2016.12.02 12:20:03.755,9.21125,9.21255,1.00,1.00
2016.12.02 12:20:05.324,9.21153,9.21283,1.00,1.00
2016.12.02 12:20:05.634,9.21167,9.21297,1.00,1.00
2016.12.02 12:20:06.444,9.21165,9.21293,1.00,1.00
2016.12.02 12:20:08.080,9.21169,9.21298,1.00,1.00
2016.12.02 12:20:08.381,9.2116,9.2129,1.00,1.00
2016.12.02 12:20:08.509,9.21169,9.21298,1.00,1.00
2016.12.02 12:20:09.695,9.21177,9.21307,1.00,1.00
2016.12.02 12:20:09.853,9.21209,9.21339,1.00,1.00
2016.12.02 12:20:10.685,9.21199,9.21344,1.00,1.00
2016.12.02 12:20:11.277,9.21191,9.21343,1.00,1.00
2016.12.02 12:20:12.179,9.21184,9.21336,1.00,1.00
2016.12.02 12:20:13.291,9.2118,9.21331,1.00,1.00
2016.12.02 12:20:14.317,9.21182,9.2133,1.00,1.00
2016.12.02 12:20:19.244,9.21179,9.21326,1.00,1.00
2016.12.02 12:20:20.260,9.21177,9.21324,1.00,1.00
2016.12.02 12:20:21.259,9.21173,9.2132,1.00,1.00
2016.12.02 12:20:26.272,9.21175,9.21313,1.00,1.00
2016.12.02 12:20:28.283,9.21168,9.21305,1.00,1.00
2016.12.02 12:20:29.060,9.21158,9.21297,1.00,1.00
2016.12.02 12:20:29.212,9.21147,9.21286,1.00,1.00
2016.12.02 12:20:33.743,9.21152,9.21291,1.00,1.00
2016.12.02 12:20:34.057,9.21161,9.21298,1.00,1.00
2016.12.02 12:20:34.481,9.21151,9.2129,1.00,1.00
2016.12.02 12:20:40.953,9.21151,9.21292,1.00,1.00
2016.12.02 12:20:41.384,9.21148,9.2128,1.00,1.00
2016.12.02 12:20:41.911,9.21148,9.21279,1.00,1.00
2016.12.02 12:20:42.452,9.21153,9.21283,1.00,1.00
2016.12.02 12:20:43.472,9.21153,9.21284,1.00,1.00
2016.12.02 12:20:43.792,9.21162,9.21292,1.00,1.00
2016.12.02 12:20:43.843,9.2117,9.21301,1.00,1.00
2016.12.02 12:20:44.784,9.21176,9.21306,1.00,1.00
2016.12.02 12:20:46.763,9.21169,9.2133,1.00,2.10
2016.12.02 12:20:46.860,9.21192,9.2133,1.00,2.10
2016.12.02 12:20:47.163,9.21207,9.21337,1.00,1.00
2016.12.02 12:20:47.365,9.21181,9.21315,1.00,1.00
2016.12.02 12:20:47.416,9.21192,9.21323,1.00,1.00
2016.12.02 12:20:47.940,9.21183,9.21312,1.00,1.00
2016.12.02 12:20:49.187,9.2119,9.21319,1.00,1.00
2016.12.02 12:20:51.081,9.21185,9.21315,1.00,1.00
2016.12.02 12:20:53.446,9.2119,9.21319,1.00,1.00
2016.12.02 12:20:54.509,9.21189,9.21319,1.00,1.00
2016.12.02 12:20:54.854,9.21183,9.21313,1.00,1.00
2016.12.02 12:20:55.884,9.21193,9.21323,1.00,1.00
2016.12.02 12:20:56.721,9.21183,9.21313,1.00,1.00
2016.12.02 12:20:58.415,9.21181,9.21309,1.00,1.00
2016.12.02 12:21:00.185,9.21186,9.21315,1.00,1.00
2016.12.02 12:21:00.340,9.21192,9.21322,1.00,1.00
2016.12.02 12:21:01.324,9.21202,9.21332,1.00,1.00
2016.12.02 12:21:02.314,9.21206,9.21336,1.00,1.00
2016.12.02 12:21:02.711,9.21197,9.21325,1.00,1.00
2016.12.02 12:21:07.584,9.21207,9.21337,1.00,1.00
2016.12.02 12:21:09.437,9.2121,9.21339,1.00,1.00
2016.12.02 12:21:09.997,9.21229,9.21359,1.00,1.00
2016.12.02 12:21:10.047,9.21238,9.21367,1.00,1.00
2016.12.02 12:21:10.098,9.21248,9.21378,1.00,1.00
2016.12.02 12:21:11.115,9.21253,9.2138,1.00,1.00
2016.12.02 12:21:11.637,9.21291,9.21411,1.00,1.00
2016.12.02 12:21:11.688,9.21291,9.21421,1.00,1.00
2016.12.02 12:21:11.739,9.21334,9.2144,1.00,1.00
2016.12.02 12:21:11.890,9.21334,9.2146,1.00,1.00
2016.12.02 12:21:11.941,9.21334,9.21463,1.00,1.50
2016.12.02 12:21:12.758,9.21333,9.21463,1.00,1.00
2016.12.02 12:21:13.727,9.21336,9.21465,1.00,1.00
2016.12.02 12:21:13.963,9.21326,9.21456,1.00,1.00
2016.12.02 12:21:14.916,9.21323,9.21453,1.00,1.00
2016.12.02 12:21:16.806,9.21319,9.21447,1.00,1.00
2016.12.02 12:21:17.013,9.21335,9.21465,1.00,1.00
2016.12.02 12:21:17.121,9.21327,9.21456,1.00,1.00
2016.12.02 12:21:18.120,9.21322,9.21452,1.00,1.00
2016.12.02 12:21:18.693,9.21334,9.21464,1.00,1.00
2016.12.02 12:21:21.475,9.21338,9.21467,1.00,1.00
2016.12.02 12:21:23.097,9.21331,9.21461,1.00,1.00
2016.12.02 12:21:23.199,9.21336,9.21466,1.00,1.00
2016.12.02 12:21:24.936,9.2134,9.21467,1.00,1.00
2016.12.02 12:21:24.987,9.21337,9.21467,1.00,1.00
2016.12.02 12:21:25.139,9.21328,9.21458,1.00,1.00
2016.12.02 12:21:25.478,9.21316,9.21446,1.00,1.00
2016.12.02 12:21:25.963,9.21328,9.21458,1.00,1.00
2016.12.02 12:21:26.329,9.21318,9.21446,1.00,1.00
2016.12.02 12:21:26.571,9.21307,9.21437,1.00,1.00
2016.12.02 12:21:27.092,9.21288,9.21418,1.00,1.00
2016.12.02 12:21:27.395,9.2128,9.2141,1.00,1.00
2016.12.02 12:21:27.756,9.21289,9.21419,1.00,1.00
2016.12.02 12:21:28.120,9.21281,9.21411,1.00,1.00
2016.12.02 12:21:28.475,9.21279,9.21409,1.00,1.00
2016.12.02 12:21:29.093,9.21271,9.21401,1.00,1.00
2016.12.02 12:21:29.518,9.21256,9.21386,1.00,1.00
2016.12.02 12:21:30.088,9.21264,9.21394,1.00,1.00
2016.12.02 12:21:30.393,9.21246,9.21376,1.00,1.00
2016.12.02 12:21:30.645,9.21251,9.21391,1.00,1.00
2016.12.02 12:21:30.948,9.21212,9.21366,1.00,1.00
2016.12.02 12:21:31.122,9.21239,9.21366,1.00,1.00
2016.12.02 12:21:32.288,9.21235,9.21365,1.00,1.00
2016.12.02 12:21:32.339,9.21212,9.2135,1.00,1.00
2016.12.02 12:21:32.390,9.212,9.21338,1.00,1.00
2016.12.02 12:21:32.723,9.21188,9.21326,1.00,1.00
2016.12.02 12:21:33.104,9.21146,9.21284,1.00,1.00
2016.12.02 12:21:33.407,9.21125,9.21263,1.00,1.00
2016.12.02 12:21:33.776,9.2113,9.2126,1.00,1.00
2016.12.02 12:21:34.148,9.21121,9.21251,1.00,1.00
2016.12.02 12:21:34.549,9.21128,9.21258,1.00,1.00
2016.12.02 12:21:35.033,9.2112,9.2125,1.00,1.00
2016.12.02 12:21:35.387,9.21131,9.21259,1.00,1.00
2016.12.02 12:21:36.140,9.21127,9.21255,1.00,1.00
2016.12.02 12:21:38.521,9.21131,9.21261,1.00,1.00
2016.12.02 12:21:38.572,9.21136,9.21266,1.00,1.00
2016.12.02 12:21:38.926,9.21144,9.21274,1.00,1.00
2016.12.02 12:21:39.628,9.21146,9.21276,1.00,1.00
2016.12.02 12:21:40.616,9.21149,9.21293,1.00,1.00
2016.12.02 12:21:40.666,9.21145,9.21276,1.00,1.00
2016.12.02 12:21:41.407,9.21139,9.21269,1.00,1.00
2016.12.02 12:21:43.507,9.21144,9.21273,1.00,1.00
2016.12.02 12:21:46.384,9.21148,9.21278,1.00,1.00
2016.12.02 12:21:49.424,9.21147,9.21276,1.00,1.00
2016.12.02 12:21:51.243,9.21135,9.21265,1.00,1.00
2016.12.02 12:21:51.293,9.21121,9.21251,1.00,1.00
2016.12.02 12:21:52.312,9.2112,9.21249,1.00,1.00
2016.12.02 12:21:52.566,9.21128,9.21263,1.00,1.00
2016.12.02 12:21:53.310,9.21126,9.21256,1.00,1.00
2016.12.02 12:21:53.716,9.21135,9.21265,1.00,1.00
2016.12.02 12:21:54.278,9.21128,9.21258,1.00,1.00
2016.12.02 12:21:54.707,9.21136,9.21266,1.00,1.00
2016.12.02 12:21:55.646,9.2113,9.21259,1.00,1.00
2016.12.02 12:21:55.696,9.21135,9.21265,1.00,1.00
2016.12.02 12:21:56.409,9.21119,9.21249,1.00,1.00
2016.12.02 12:21:56.561,9.21122,9.21253,1.00,1.00
2016.12.02 12:21:58.515,9.21123,9.21253,1.00,1.00
2016.12.02 12:22:04.453,9.21123,9.21251,1.00,1.00
2016.12.02 12:22:05.888,9.21144,9.21274,1.00,1.00
2016.12.02 12:22:05.939,9.21152,9.21278,1.00,1.00
2016.12.02 12:22:06.141,9.21152,9.21282,1.00,1.00
2016.12.02 12:22:06.624,9.21162,9.21292,1.00,1.00
2016.12.02 12:22:11.512,9.21153,9.21291,1.00,1.00
2016.12.02 12:22:13.561,9.21156,9.21291,1.00,1.00
2016.12.02 12:22:13.879,9.21112,9.21242,1.00,1.00
2016.12.02 12:22:14.182,9.21063,9.21193,1.00,1.00
2016.12.02 12:22:19.507,9.21067,9.21195,1.00,1.00
2016.12.02 12:22:21.586,9.21064,9.21194,1.00,1.00
2016.12.02 12:22:21.947,9.21065,9.2123,1.00,1.00
2016.12.02 12:22:21.998,9.21119,9.21247,1.00,1.00
2016.12.02 12:22:22.049,9.21119,9.21249,1.00,1.00
2016.12.02 12:22:22.201,9.21126,9.21271,1.00,1.00
2016.12.02 12:22:22.850,9.21146,9.21274,1.00,1.00
2016.12.02 12:22:23.447,9.21155,9.21284,1.00,1.00
2016.12.02 12:22:23.819,9.2116,9.21284,1.00,1.00
2016.12.02 12:22:23.971,9.2116,9.2129,1.00,1.00
2016.12.02 12:22:24.072,9.21153,9.21283,1.00,1.00
2016.12.02 12:22:24.378,9.21143,9.21273,1.00,1.00
2016.12.02 12:22:24.681,9.21119,9.21247,1.00,1.00
2016.12.02 12:22:25.438,9.21117,9.21247,1.00,1.00
2016.12.02 12:22:26.452,9.21111,9.2124,1.00,1.00
2016.12.02 12:22:26.554,9.21101,9.21231,1.00,1.00
2016.12.02 12:22:28.574,9.21102,9.21232,1.00,1.00
2016.12.02 12:22:30.089,9.21117,9.21247,1.00,1.00
2016.12.02 12:22:30.392,9.21127,9.21257,1.00,1.00
2016.12.02 12:22:31.069,9.21133,9.21263,1.00,1.00
2016.12.02 12:22:31.939,9.21127,9.21256,1.00,1.00
2016.12.02 12:22:32.338,9.21115,9.21243,1.00,1.00
2016.12.02 12:22:32.439,9.2112,9.2125,1.00,1.00
2016.12.02 12:22:33.433,9.21116,9.21246,1.00,1.00
2016.12.02 12:22:34.431,9.21113,9.2124,1.00,1.00
2016.12.02 12:22:35.400,9.21075,9.21205,1.00,1.00
2016.12.02 12:22:35.450,9.21067,9.21185,1.00,1.00
2016.12.02 12:22:35.501,9.21055,9.21185,1.37,1.00
2016.12.02 12:22:35.602,9.21055,9.21185,1.00,1.00
2016.12.02 12:22:35.754,9.21037,9.21167,1.00,1.00
2016.12.02 12:22:36.386,9.2103,9.2116,1.00,1.00
2016.12.02 12:22:37.379,9.21032,9.21161,1.00,1.00
2016.12.02 12:22:40.523,9.21026,9.21211,1.00,1.00
2016.12.02 12:22:40.574,9.21017,9.21211,1.00,1.00
2016.12.02 12:22:40.625,9.21039,9.21211,1.00,1.00
2016.12.02 12:22:40.928,9.21116,9.21246,1.00,1.00
2016.12.02 12:22:41.557,9.21149,9.21279,1.00,1.00
2016.12.02 12:22:43.646,9.21148,9.21278,1.00,1.00
2016.12.02 12:22:44.105,9.21157,9.21287,1.00,1.00
2016.12.02 12:22:46.343,9.21151,9.2128,1.00,1.00
2016.12.02 12:22:46.793,9.21129,9.21259,1.00,1.00
2016.12.02 12:22:47.282,9.21121,9.21251,1.00,1.00
2016.12.02 12:22:48.281,9.21115,9.21245,1.00,1.00
2016.12.02 12:22:49.314,9.21111,9.2124,1.00,1.00
2016.12.02 12:22:51.667,9.21112,9.21242,1.00,1.00
2016.12.02 12:22:53.834,9.21118,9.21248,1.00,1.00
2016.12.02 12:22:54.221,9.21114,9.21243,1.00,1.00
2016.12.02 12:22:56.091,9.21119,9.21249,1.00,1.00
2016.12.02 12:22:56.576,9.21126,9.21256,1.00,1.00
2016.12.02 12:22:57.200,9.2114,9.2127,1.00,1.00
2016.12.02 12:22:57.503,9.2116,9.21289,1.00,1.00
2016.12.02 12:22:57.655,9.21173,9.21323,1.00,1.00
2016.12.02 12:22:57.706,9.21191,9.21318,1.00,1.00
2016.12.02 12:22:57.958,9.21207,9.21337,1.00,1.00
2016.12.02 12:22:58.730,9.21204,9.21332,1.00,1.00
2016.12.02 12:22:59.912,9.21222,9.21352,1.00,1.00
2016.12.02 12:22:59.963,9.21234,9.21363,1.00,1.00
2016.12.02 12:23:00.990,9.21236,9.21364,1.00,1.00
2016.12.02 12:23:03.327,9.21239,9.21369,1.00,1.00
2016.12.02 12:23:03.377,9.21248,9.21378,1.00,1.00
2016.12.02 12:23:03.743,9.21238,9.21368,1.00,1.00
2016.12.02 12:23:04.430,9.21234,9.21363,1.00,1.00
2016.12.02 12:23:05.423,9.2123,9.2136,1.00,1.00
2016.12.02 12:23:05.927,9.21212,9.21342,1.00,1.00
2016.12.02 12:23:06.250,9.21202,9.21331,1.00,1.00
2016.12.02 12:23:06.908,9.21197,9.21327,1.00,1.00
2016.12.02 12:23:08.445,9.21201,9.21331,1.00,1.00
2016.12.02 12:23:09.436,9.21197,9.21327,1.00,1.00
2016.12.02 12:23:11.314,9.21201,9.21331,1.00,1.00
2016.12.02 12:23:12.307,9.21202,9.21332,1.00,1.00
2016.12.02 12:23:13.172,9.21197,9.21327,1.00,1.00
2016.12.02 12:23:13.505,9.21187,9.21316,1.00,1.00
2016.12.02 12:23:14.287,9.21186,9.21315,1.00,1.00
2016.12.02 12:23:19.620,9.21189,9.21319,1.00,1.00
2016.12.02 12:23:21.681,9.21188,9.21317,1.00,1.00
2016.12.02 12:23:22.300,9.21181,9.21311,1.00,1.00
2016.12.02 12:23:22.743,9.21176,9.21306,1.00,1.00
2016.12.02 12:23:23.073,9.21184,9.21314,1.00,1.00
2016.12.02 12:23:23.382,9.21194,9.21324,1.00,1.00
2016.12.02 12:23:24.099,9.21194,9.21323,1.00,1.00
2016.12.02 12:23:24.953,9.21204,9.21333,1.00,1.00
2016.12.02 12:23:27.509,9.21182,9.21335,1.00,1.00
2016.12.02 12:23:27.654,9.21167,9.21298,1.00,1.00
2016.12.02 12:23:28.632,9.21169,9.213,1.00,1.00
2016.12.02 12:23:29.104,9.21161,9.21292,1.00,1.00
2016.12.02 12:23:30.080,9.21164,9.21295,1.00,1.00
2016.12.02 12:23:31.337,9.21171,9.21302,1.00,1.00
2016.12.02 12:23:32.134,9.21156,9.21286,1.00,1.00
2016.12.02 12:23:32.816,9.21163,9.21292,1.00,1.00
2016.12.02 12:23:33.266,9.21173,9.21304,1.00,1.00
2016.12.02 12:23:33.454,9.21181,9.21312,1.00,1.00
2016.12.02 12:23:33.788,9.21179,9.2131,1.00,1.00
2016.12.02 12:23:34.106,9.21191,9.21322,1.00,1.00
2016.12.02 12:23:35.156,9.212,9.21331,1.00,1.00
2016.12.02 12:23:36.155,9.21196,9.21326,1.00,1.00
2016.12.02 12:23:36.206,9.21188,9.21319,1.00,1.00
2016.12.02 12:23:36.257,9.21177,9.21308,1.00,1.00
2016.12.02 12:23:36.805,9.21182,9.21313,1.00,1.00
2016.12.02 12:23:37.187,9.2119,9.21322,1.00,1.00
2016.12.02 12:23:38.014,9.21182,9.21312,1.00,1.00
2016.12.02 12:23:38.866,9.21186,9.21318,1.00,1.00
2016.12.02 12:23:39.867,9.2119,9.21322,1.00,1.00
2016.12.02 12:23:41.647,9.21186,9.21317,1.00,1.00
2016.12.02 12:23:42.315,9.21195,9.21325,1.00,1.00
2016.12.02 12:23:42.530,9.21187,9.21331,1.00,1.00
2016.12.02 12:23:42.581,9.212,9.21332,1.00,1.00
2016.12.02 12:23:42.896,9.21213,9.2134,1.00,1.00
2016.12.02 12:23:42.946,9.21213,9.21345,1.00,1.00
2016.12.02 12:23:43.682,9.21217,9.21348,1.00,1.00
2016.12.02 12:23:44.637,9.21213,9.21345,1.00,1.00
2016.12.02 12:23:45.638,9.21212,9.21344,1.00,1.00
2016.12.02 12:23:45.768,9.21207,9.21338,1.00,1.00
2016.12.02 12:23:46.239,9.21217,9.21347,1.00,1.00
2016.12.02 12:23:46.653,9.2121,9.21341,1.00,1.00
2016.12.02 12:23:47.241,9.21215,9.21347,1.00,1.00
2016.12.02 12:23:47.845,9.2121,9.21341,1.00,1.00
2016.12.02 12:23:47.996,9.21217,9.21349,1.00,1.00
2016.12.02 12:23:48.826,9.21218,9.21349,1.00,1.00
2016.12.02 12:23:49.764,9.2123,9.21361,1.00,1.00
2016.12.02 12:23:50.600,9.2122,9.21353,1.00,1.00
2016.12.02 12:23:51.741,9.21219,9.21352,1.00,1.00
2016.12.02 12:23:55.998,9.2122,9.21352,1.00,1.00
2016.12.02 12:23:56.991,9.21219,9.21349,1.00,1.00
2016.12.02 12:24:11.755,9.21221,9.2135,1.00,1.00
2016.12.02 12:24:14.215,9.21222,9.2136,1.00,1.00
2016.12.02 12:24:14.266,9.21232,9.21369,1.00,1.00
2016.12.02 12:24:14.640,9.21254,9.21385,1.00,1.00
2016.12.02 12:24:15.303,9.21264,9.21395,1.00,1.00
2016.12.02 12:24:18.884,9.21271,9.21407,1.00,1.00
2016.12.02 12:24:20.673,9.21276,9.21411,1.00,1.00
2016.12.02 12:24:21.133,9.21281,9.21416,1.00,1.00
2016.12.02 12:24:21.391,9.21284,9.21432,1.00,1.00
2016.12.02 12:24:21.442,9.21283,9.21418,1.00,1.00
2016.12.02 12:24:21.799,9.21269,9.21404,1.00,1.00
2016.12.02 12:24:22.755,9.21274,9.21409,1.00,1.00
2016.12.02 12:24:26.525,9.21274,9.21414,1.00,1.00
2016.12.02 12:24:28.019,9.21267,9.21407,1.00,1.00
2016.12.02 12:24:28.332,9.21274,9.21414,1.00,1.00
2016.12.02 12:24:28.814,9.21275,9.21403,1.00,1.00
2016.12.02 12:24:29.553,9.21264,9.21394,1.00,1.00
2016.12.02 12:24:33.022,9.21269,9.21399,1.00,1.00
2016.12.02 12:24:34.752,9.21267,9.21397,1.00,1.00
2016.12.02 12:24:40.744,9.21286,9.21416,1.00,1.00
2016.12.02 12:24:41.052,9.21277,9.21407,1.00,1.00
2016.12.02 12:24:41.787,9.21284,9.21414,1.00,1.00
2016.12.02 12:24:43.737,9.21293,9.21432,1.00,1.00
2016.12.02 12:24:43.787,9.21314,9.21444,1.00,1.00
2016.12.02 12:24:43.939,9.21312,9.21449,1.00,1.00
2016.12.02 12:24:45.603,9.21316,9.21453,1.00,1.00
2016.12.02 12:24:46.037,9.21318,9.21455,1.00,1.00
2016.12.02 12:24:46.748,9.21325,9.21462,1.00,1.00
2016.12.02 12:24:47.082,9.2135,9.21486,1.00,1.00
2016.12.02 12:24:47.783,9.21355,9.21492,1.00,1.00
2016.12.02 12:24:49.791,9.2136,9.21497,1.00,1.00
2016.12.02 12:24:50.535,9.21352,9.21489,1.00,1.00
2016.12.02 12:24:50.915,9.2135,9.21486,1.00,1.00
2016.12.02 12:24:51.750,9.21354,9.21491,1.00,1.00
2016.12.02 12:24:52.061,9.21362,9.21496,1.00,1.00
2016.12.02 12:24:52.755,9.21372,9.21508,1.00,1.00
2016.12.02 12:24:52.806,9.21372,9.21528,1.00,1.00
2016.12.02 12:24:52.857,9.21394,9.21531,1.00,1.00
2016.12.02 12:24:52.907,9.21372,9.21533,1.00,1.50
2016.12.02 12:24:53.008,9.21372,9.21518,1.00,1.00
2016.12.02 12:24:53.315,9.21369,9.21505,1.00,1.00
2016.12.02 12:24:54.065,9.2137,9.21507,1.00,1.00
2016.12.02 12:24:54.395,9.21359,9.21493,1.00,1.00
2016.12.02 12:24:55.837,9.21366,9.21502,1.00,1.00
2016.12.02 12:24:55.889,9.21395,9.21532,1.00,1.00
2016.12.02 12:24:56.192,9.21385,9.21521,1.00,1.00
2016.12.02 12:24:56.796,9.21395,9.21525,1.00,1.00
2016.12.02 12:24:57.125,9.21386,9.21516,1.00,1.00
2016.12.02 12:24:58.409,9.21383,9.21513,1.00,1.00
2016.12.02 12:24:58.741,9.21376,9.21506,1.00,1.00
2016.12.02 12:24:59.068,9.21378,9.21508,1.00,1.00
2016.12.02 12:25:01.261,9.21385,9.21514,1.00,1.00
2016.12.02 12:25:02.232,9.21381,9.21509,1.00,1.00
2016.12.02 12:25:03.621,9.21385,9.21515,1.00,1.00
2016.12.02 12:25:05.079,9.21373,9.21501,1.00,1.00
2016.12.02 12:25:06.912,9.21371,9.215,1.00,1.00
2016.12.02 12:25:08.194,9.2136,9.2149,1.00,1.00
2016.12.02 12:25:09.194,9.21359,9.21489,1.00,1.00
2016.12.02 12:25:09.468,9.2135,9.2148,1.00,1.00
2016.12.02 12:25:13.961,9.21349,9.21479,1.00,1.00
2016.12.02 12:25:19.844,9.21351,9.2148,1.00,1.00
2016.12.02 12:25:21.414,9.21361,9.21491,1.00,1.00
2016.12.02 12:25:24.330,9.21365,9.21495,1.00,1.00
2016.12.02 12:25:24.680,9.21361,9.21489,1.00,1.00
2016.12.02 12:25:25.332,9.21365,9.21495,1.00,1.00
2016.12.02 12:25:25.837,9.21342,9.21471,1.00,1.00
2016.12.02 12:25:26.146,9.21331,9.21461,1.00,1.00
2016.12.02 12:25:26.856,9.21336,9.21466,1.00,1.00
2016.12.02 12:25:27.967,9.21341,9.2147,1.00,1.00
2016.12.02 12:25:28.934,9.21339,9.21469,1.00,1.00
2016.12.02 12:25:30.364,9.21333,9.21508,1.00,1.00
2016.12.02 12:25:30.415,9.21374,9.21504,1.00,1.00
2016.12.02 12:25:31.356,9.21363,9.21493,1.00,1.00
2016.12.02 12:25:32.500,9.2137,9.21499,1.00,1.00
2016.12.02 12:25:32.818,9.21363,9.21493,1.00,1.00
2016.12.02 12:25:34.086,9.21347,9.21477,1.00,1.00
2016.12.02 12:25:34.412,9.21358,9.21488,1.00,1.00
2016.12.02 12:25:34.759,9.21364,9.21494,1.00,1.00
2016.12.02 12:25:35.114,9.21355,9.21484,1.00,1.00
2016.12.02 12:25:35.469,9.2131,9.21439,1.00,1.00
2016.12.02 12:25:35.772,9.21266,9.21395,1.00,1.00
2016.12.02 12:25:36.612,9.21275,9.21405,1.00,1.00
2016.12.02 12:25:36.900,9.2127,9.214,1.00,1.00
2016.12.02 12:25:37.205,9.21276,9.21405,1.00,1.00
2016.12.02 12:25:41.927,9.21278,9.21407,1.00,1.00
2016.12.02 12:25:42.469,9.21283,9.21413,1.00,1.00
2016.12.02 12:25:42.791,9.21289,9.21419,1.00,1.00
2016.12.02 12:25:43.093,9.21301,9.21429,1.00,1.00
2016.12.02 12:25:43.793,9.21295,9.21425,1.00,1.00
2016.12.02 12:25:43.934,9.213,9.2143,1.00,1.00
2016.12.02 12:25:44.881,9.21327,9.21476,1.00,1.00
2016.12.02 12:25:44.932,9.21327,9.2148,1.00,1.00
2016.12.02 12:25:45.134,9.21343,9.21473,1.00,1.00
2016.12.02 12:25:48.185,9.21324,9.21454,1.00,1.00
2016.12.02 12:25:48.489,9.21317,9.21447,1.00,1.00
2016.12.02 12:25:49.020,9.21325,9.21455,1.00,1.00
2016.12.02 12:25:49.903,9.21322,9.21452,1.00,1.00
2016.12.02 12:25:50.233,9.21309,9.21439,1.00,1.00
2016.12.02 12:25:50.675,9.21298,9.21428,1.00,1.00
2016.12.02 12:25:51.067,9.21307,9.21437,1.00,1.00
2016.12.02 12:25:52.475,9.21298,9.21428,1.00,1.00
2016.12.02 12:25:53.425,9.21303,9.21432,1.00,1.00
2016.12.02 12:25:56.957,9.21297,9.21427,1.00,1.00
2016.12.02 12:25:57.958,9.21302,9.21432,1.00,1.00
2016.12.02 12:26:01.002,9.21295,9.21424,1.00,1.00
2016.12.02 12:26:01.133,9.21302,9.21432,1.00,1.00
2016.12.02 12:26:01.987,9.21292,9.21421,1.00,1.00
2016.12.02 12:26:02.154,9.21302,9.21432,1.00,1.00
2016.12.02 12:26:02.279,9.21292,9.21421,1.00,1.00
2016.12.02 12:26:02.342,9.21302,9.21432,1.00,1.00
2016.12.02 12:26:03.772,9.21306,9.21436,1.00,1.00
2016.12.02 12:26:04.112,9.21329,9.21459,1.00,1.00
2016.12.02 12:26:04.848,9.2133,9.2146,1.00,1.00
2016.12.02 12:26:05.478,9.21337,9.21467,1.00,1.00
2016.12.02 12:26:06.024,9.21337,9.21468,1.00,1.00
2016.12.02 12:26:07.010,9.21335,9.21466,1.00,1.00
2016.12.02 12:26:08.818,9.21333,9.21463,1.00,1.00
2016.12.02 12:26:09.858,9.2133,9.21461,1.00,1.00
2016.12.02 12:26:11.470,9.21326,9.21455,1.00,1.00
2016.12.02 12:26:11.520,9.21315,9.21446,1.00,1.00
2016.12.02 12:26:11.913,9.21307,9.21437,1.00,1.00
2016.12.02 12:26:12.014,9.21297,9.21428,1.00,1.00
2016.12.02 12:26:12.987,9.213,9.21431,1.00,1.00
2016.12.02 12:26:14.041,9.21301,9.21431,1.00,1.00
2016.12.02 12:26:16.568,9.21293,9.21424,1.00,1.00
2016.12.02 12:26:18.667,9.21296,9.21431,1.00,1.00
2016.12.02 12:26:18.718,9.21266,9.21403,1.00,1.00
2016.12.02 12:26:18.869,9.21249,9.21384,1.00,1.00
2016.12.02 12:26:19.172,9.21233,9.21362,1.00,1.00
2016.12.02 12:26:19.559,9.2125,9.21381,1.00,1.00
2016.12.02 12:26:20.589,9.21252,9.21382,1.00,1.00
2016.12.02 12:26:22.040,9.2125,9.21379,1.00,1.00
2016.12.02 12:26:23.050,9.21246,9.21377,1.00,1.00
2016.12.02 12:26:23.715,9.21253,9.21383,1.00,1.00
2016.12.02 12:26:24.163,9.21247,9.21378,1.00,1.00
2016.12.02 12:26:24.560,9.21257,9.21388,1.00,1.00
2016.12.02 12:26:27.019,9.21255,9.21385,1.00,1.00
2016.12.02 12:26:28.035,9.2125,9.21381,1.00,1.00
2016.12.02 12:26:29.183,9.21258,9.21389,1.00,1.00
2016.12.02 12:26:33.454,9.21259,9.21389,1.00,1.00
2016.12.02 12:26:34.167,9.21264,9.21394,1.00,1.00
2016.12.02 12:26:34.470,9.21298,9.21427,1.00,1.00
2016.12.02 12:26:35.202,9.21309,9.21438,1.00,1.00
2016.12.02 12:26:35.558,9.21321,9.21451,1.00,1.00
2016.12.02 12:26:36.044,9.2131,9.21439,1.00,1.00
2016.12.02 12:26:36.377,9.21324,9.21453,1.00,1.00
2016.12.02 12:26:37.189,9.21328,9.21458,1.00,1.00
2016.12.02 12:26:37.410,9.21336,9.21466,1.00,1.00
2016.12.02 12:26:38.399,9.21327,9.21478,1.00,1.00
2016.12.02 12:26:38.640,9.21319,9.2147,1.00,1.00
2016.12.02 12:26:38.991,9.21311,9.21462,1.00,1.00
2016.12.02 12:26:39.533,9.21302,9.21453,1.00,1.00
2016.12.02 12:26:39.837,9.21324,9.21457,1.00,1.00
2016.12.02 12:26:40.072,9.21293,9.21442,1.00,1.00
2016.12.02 12:26:40.634,9.21292,9.21442,1.00,1.00
2016.12.02 12:26:41.627,9.21288,9.21438,1.00,1.00
2016.12.02 12:26:42.326,9.21294,9.2144,1.00,1.00
2016.12.02 12:26:42.651,9.21299,9.21447,1.00,1.00
2016.12.02 12:26:43.085,9.21289,9.21437,1.00,1.00
2016.12.02 12:26:44.109,9.2129,9.21438,1.00,1.00
2016.12.02 12:26:44.522,9.21283,9.21432,1.00,1.00
2016.12.02 12:26:44.692,9.21275,9.21423,1.00,1.00
2016.12.02 12:26:45.047,9.21264,9.21412,1.00,1.00
2016.12.02 12:26:45.396,9.21255,9.21403,1.00,1.00
2016.12.02 12:26:46.803,9.21271,9.2142,1.00,1.00
2016.12.02 12:26:46.854,9.21283,9.21432,1.00,1.00
2016.12.02 12:26:47.056,9.21318,9.21479,1.00,1.00
2016.12.02 12:26:47.107,9.21336,9.21495,1.00,1.00
2016.12.02 12:26:47.158,9.21336,9.21497,1.00,1.00
2016.12.02 12:26:47.688,9.21344,9.2151,1.00,1.00
2016.12.02 12:26:48.215,9.21333,9.21499,1.00,1.00
2016.12.02 12:26:48.537,9.21339,9.21485,1.00,1.00
2016.12.02 12:26:48.966,9.21356,9.21502,1.00,1.00
2016.12.02 12:26:49.279,9.21368,9.21514,1.00,1.00
2016.12.02 12:26:50.452,9.21381,9.21527,1.00,1.00
2016.12.02 12:26:50.755,9.21391,9.21537,1.00,1.00
2016.12.02 12:26:51.058,9.21358,9.21534,1.00,1.00
2016.12.02 12:26:51.109,9.21386,9.21531,1.00,1.00
2016.12.02 12:26:51.981,9.21408,9.21548,1.00,1.00
2016.12.02 12:26:53.099,9.21409,9.2157,1.00,1.00
2016.12.02 12:26:54.115,9.21404,9.21565,1.00,1.00
2016.12.02 12:26:54.446,9.21405,9.21545,1.00,1.00
2016.12.02 12:26:55.259,9.21406,9.21546,1.00,1.00
2016.12.02 12:26:56.599,9.21401,9.21532,1.00,1.00
2016.12.02 12:26:56.649,9.21396,9.21534,1.00,1.00
2016.12.02 12:26:57.103,9.21378,9.21533,1.00,1.00
2016.12.02 12:26:57.496,9.21363,9.21518,1.00,1.00
2016.12.02 12:26:57.546,9.21333,9.21516,1.37,1.00
2016.12.02 12:26:57.597,9.21361,9.21516,1.00,1.00
2016.12.02 12:26:58.607,9.21362,9.21517,1.00,1.00
2016.12.02 12:26:59.042,9.2137,9.21525,1.00,1.00
2016.12.02 12:26:59.195,9.21363,9.21519,1.00,1.00
2016.12.02 12:27:00.156,9.21373,9.21527,1.00,1.00
2016.12.02 12:27:00.257,9.21378,9.21533,1.00,1.00
2016.12.02 12:27:01.166,9.21383,9.21534,1.00,1.00
2016.12.02 12:27:01.514,9.21373,9.21529,1.00,1.00
2016.12.02 12:27:02.134,9.21379,9.21534,1.00,1.00
2016.12.02 12:27:04.008,9.21373,9.21529,1.00,1.00
2016.12.02 12:27:05.458,9.21378,9.21533,1.00,1.00
2016.12.02 12:27:06.460,9.21373,9.21529,1.00,1.00
2016.12.02 12:27:07.462,9.21372,9.21528,1.00,1.00
2016.12.02 12:27:08.392,9.21359,9.21515,1.00,1.00
2016.12.02 12:27:09.186,9.2137,9.21506,1.00,1.00
2016.12.02 12:27:10.170,9.21368,9.21499,1.00,1.00
2016.12.02 12:27:12.066,9.21365,9.21505,1.00,1.00
2016.12.02 12:27:12.719,9.21365,9.21505,1.75,1.00
2016.12.02 12:27:12.834,9.21365,9.21505,1.37,1.00
2016.12.02 12:27:13.736,9.21378,9.21518,1.00,1.00
2016.12.02 12:27:14.143,9.21382,9.21522,1.00,1.00
2016.12.02 12:27:16.979,9.21377,9.21517,1.00,1.00
2016.12.02 12:27:17.338,9.21383,9.21523,1.00,1.00
2016.12.02 12:27:18.824,9.21377,9.21517,1.00,1.00
2016.12.02 12:27:19.172,9.2133,9.2147,1.37,1.00
2016.12.02 12:27:19.435,9.2133,9.2147,1.00,1.00
2016.12.02 12:27:20.074,9.21333,9.21473,1.00,1.00
2016.12.02 12:27:20.377,9.21357,9.21497,1.00,1.00
2016.12.02 12:27:22.160,9.21358,9.21498,1.00,1.00
2016.12.02 12:27:22.472,9.21363,9.21503,1.00,1.00
2016.12.02 12:27:25.750,9.21376,9.21516,1.00,1.00
2016.12.02 12:27:27.096,9.21375,9.21506,1.00,1.00
2016.12.02 12:27:28.098,9.21371,9.21502,1.00,1.00
2016.12.02 12:27:28.149,9.21382,9.21523,1.00,1.00
2016.12.02 12:27:29.134,9.2139,9.2152,1.00,1.00
2016.12.02 12:27:29.436,9.21377,9.21507,1.00,1.00
2016.12.02 12:27:29.638,9.21369,9.215,1.00,1.00
2016.12.02 12:27:30.417,9.21364,9.21494,1.00,1.00
2016.12.02 12:27:34.801,9.21365,9.21494,1.00,1.00
2016.12.02 12:27:35.275,9.2137,9.215,1.00,1.00
2016.12.02 12:27:36.278,9.21371,9.21501,1.00,1.00
2016.12.02 12:27:42.126,9.21375,9.21505,1.00,1.00
2016.12.02 12:27:49.125,9.21381,9.21511,1.00,1.00
2016.12.02 12:27:49.262,9.21381,9.21518,1.00,1.00
2016.12.02 12:27:49.313,9.21387,9.21517,1.00,1.00
2016.12.02 12:27:49.515,9.21382,9.21513,1.00,1.00
2016.12.02 12:27:51.111,9.21375,9.21505,1.37,1.00
2016.12.02 12:27:51.661,9.21375,9.21506,1.37,1.00
2016.12.02 12:27:52.172,9.21377,9.21508,1.00,1.00
2016.12.02 12:27:52.512,9.2138,9.21517,1.00,1.00
2016.12.02 12:27:52.614,9.21412,9.21544,1.00,1.00
2016.12.02 12:27:53.581,9.21419,9.2155,1.00,1.00
2016.12.02 12:27:54.359,9.21414,9.21545,1.00,1.00
2016.12.02 12:27:55.681,9.21414,9.21544,1.00,1.00
2016.12.02 12:27:56.127,9.21392,9.21522,1.37,1.00
2016.12.02 12:27:56.313,9.21381,9.21512,1.00,1.00
2016.12.02 12:27:56.471,9.21368,9.21498,1.12,1.00
2016.12.02 12:27:56.624,9.21351,9.2149,1.00,1.00
2016.12.02 12:27:56.775,9.21341,9.21472,1.37,1.00
2016.12.02 12:27:56.877,9.21341,9.21472,1.00,1.00
2016.12.02 12:27:57.028,9.21331,9.21463,1.00,1.00
2016.12.02 12:27:58.037,9.21333,9.21464,1.00,1.00
2016.12.02 12:28:05.213,9.21332,9.21463,1.00,1.00
2016.12.02 12:28:07.250,9.2133,9.21461,1.00,1.00
2016.12.02 12:28:12.185,9.21328,9.2146,1.00,1.00
2016.12.02 12:28:19.991,9.21323,9.21454,1.00,1.00
2016.12.02 12:28:22.280,9.21325,9.21457,1.00,1.00
2016.12.02 12:28:22.891,9.21328,9.21459,1.00,1.00
2016.12.02 12:28:23.776,9.21334,9.21465,1.00,1.00
2016.12.02 12:28:24.759,9.21331,9.21462,1.00,1.00
2016.12.02 12:28:27.129,9.21331,9.21463,1.00,1.00
2016.12.02 12:28:29.293,9.21332,9.21463,1.00,1.00
2016.12.02 12:28:34.246,9.21339,9.21468,1.00,1.00
2016.12.02 12:28:35.294,9.2134,9.21472,1.00,1.00
2016.12.02 12:28:36.195,9.21334,9.21466,1.00,1.00
2016.12.02 12:28:37.242,9.21326,9.21458,1.00,1.00
2016.12.02 12:28:42.245,9.21326,9.21457,1.00,1.00
2016.12.02 12:28:44.786,9.21321,9.21453,1.00,1.00
2016.12.02 12:28:45.039,9.21295,9.21398,1.00,1.00
2016.12.02 12:28:45.241,9.21301,9.21436,1.00,1.00
2016.12.02 12:28:45.342,9.21268,9.214,1.00,1.00
2016.12.02 12:28:45.393,9.21234,9.21382,1.00,1.00
2016.12.02 12:28:45.443,9.21267,9.21382,1.00,1.00
2016.12.02 12:28:45.494,9.21247,9.21382,1.00,1.00
2016.12.02 12:28:45.595,9.21229,9.21382,1.00,1.00
2016.12.02 12:28:46.061,9.21233,9.21364,1.00,1.00
2016.12.02 12:28:47.497,9.21224,9.21353,1.00,1.00
2016.12.02 12:28:47.830,9.21197,9.21285,1.00,1.00
2016.12.02 12:28:47.982,9.21152,9.2128,1.00,1.00
2016.12.02 12:28:48.033,9.21149,9.2128,1.00,1.00
2016.12.02 12:28:48.775,9.21139,9.2127,1.00,1.00
2016.12.02 12:28:50.263,9.21136,9.21268,1.00,1.00
2016.12.02 12:28:52.230,9.21132,9.21264,1.00,1.00
2016.12.02 12:28:53.233,9.21131,9.21263,1.00,1.00
2016.12.02 12:28:57.081,9.21112,9.21239,1.00,1.00
2016.12.02 12:28:57.233,9.21098,9.21229,1.00,1.00
2016.12.02 12:28:58.194,9.21093,9.21225,1.00,1.00
2016.12.02 12:28:59.153,9.21091,9.21221,1.00,1.00
2016.12.02 12:28:59.355,9.21084,9.21215,1.00,1.00
