2016.12.21 23:00:00.001,9.22022,9.2317,1.00,1.00
2016.12.21 23:00:00.062,9.22052,9.2317,1.00,1.00
2016.12.21 23:00:00.394,9.22127,9.23155,1.00,1.00
2016.12.21 23:00:01.216,9.22145,9.23155,1.00,1.00
2016.12.21 23:00:01.736,9.22186,9.23155,1.00,1.00
2016.12.21 23:00:02.132,9.22194,9.23155,1.00,1.00
2016.12.21 23:00:02.401,9.22156,9.23155,1.00,1.00
2016.12.21 23:00:02.614,9.22186,9.23155,1.00,1.00
2016.12.21 23:00:02.948,9.22127,9.23155,1.00,1.00
2016.12.21 23:00:03.261,9.22179,9.23155,1.00,1.00
2016.12.21 23:00:03.616,9.22195,9.23155,1.00,1.00
2016.12.21 23:00:03.716,9.22158,9.23155,1.00,1.00
2016.12.21 23:00:03.766,9.22183,9.23155,1.00,1.00
2016.12.21 23:00:03.867,9.22156,9.23155,1.00,1.00
2016.12.21 23:00:03.951,9.22185,9.23155,1.00,1.00
2016.12.21 23:00:04.001,9.22148,9.23155,1.00,1.00
2016.12.21 23:00:04.102,9.22127,9.23155,1.00,1.00
2016.12.21 23:00:04.172,9.22183,9.23155,1.00,1.00
2016.12.21 23:00:04.953,9.22186,9.23155,1.00,1.00
2016.12.21 23:00:05.004,9.22155,9.23155,1.00,1.00
2016.12.21 23:00:05.067,9.22186,9.23155,1.00,1.00
2016.12.21 23:00:05.117,9.22154,9.23155,1.00,1.00
2016.12.21 23:00:05.282,9.22187,9.23155,1.00,1.00
2016.12.21 23:00:05.955,9.22194,9.23155,1.00,1.00
2016.12.21 23:00:06.117,9.22157,9.23155,1.00,1.00
2016.12.21 23:00:06.220,9.2213,9.23155,1.00,1.00
2016.12.21 23:00:06.284,9.22189,9.23155,1.00,1.00
2016.12.21 23:00:06.384,9.22129,9.23155,1.00,1.00
2016.12.21 23:00:06.435,9.22188,9.23155,1.00,1.00
2016.12.21 23:00:07.285,9.222,9.23155,1.00,1.00
2016.12.21 23:00:07.336,9.22158,9.23155,1.00,1.00
2016.12.21 23:00:07.542,9.22191,9.23155,1.00,1.00
2016.12.21 23:00:08.291,9.222,9.23155,1.00,1.00
2016.12.21 23:00:08.392,9.22158,9.23155,1.00,1.00
2016.12.21 23:00:08.498,9.22191,9.23155,1.00,1.00
2016.12.21 23:00:08.548,9.22158,9.23155,1.00,1.00
2016.12.21 23:00:08.606,9.22191,9.23155,1.00,1.00
2016.12.21 23:00:09.417,9.22158,9.23155,1.00,1.00
2016.12.21 23:00:09.502,9.22191,9.23155,1.00,1.00
2016.12.21 23:00:09.553,9.22158,9.23155,1.00,1.00
2016.12.21 23:00:09.661,9.22191,9.23155,1.00,1.00
2016.12.21 23:00:10.288,9.22153,9.23155,1.00,1.00
2016.12.21 23:00:10.338,9.22194,9.23155,1.00,1.00
2016.12.21 23:00:10.504,9.2216,9.23155,1.00,1.00
2016.12.21 23:00:10.607,9.22195,9.23155,1.00,1.00
2016.12.21 23:00:10.658,9.2216,9.23155,1.00,1.00
2016.12.21 23:00:11.290,9.22195,9.23155,1.00,1.00
2016.12.21 23:00:11.341,9.2216,9.23155,1.00,1.00
2016.12.21 23:00:11.545,9.22195,9.23155,1.00,1.00
2016.12.21 23:00:11.610,9.2216,9.23155,1.00,1.00
2016.12.21 23:00:11.846,9.22196,9.23155,1.00,1.00
2016.12.21 23:00:12.185,9.22155,9.23155,1.00,1.00
2016.12.21 23:00:12.266,9.22207,9.23155,1.00,1.00
2016.12.21 23:00:12.779,9.22164,9.23155,1.00,1.00
2016.12.21 23:00:12.950,9.22199,9.23155,1.00,1.00
2016.12.21 23:00:13.001,9.22165,9.23155,1.00,1.00
2016.12.21 23:00:13.192,9.22199,9.23155,1.00,1.00
2016.12.21 23:00:13.732,9.22157,9.23155,1.00,1.00
2016.12.21 23:00:13.833,9.22155,9.23155,1.00,1.00
2016.12.21 23:00:13.951,9.22127,9.23155,1.00,1.00
2016.12.21 23:00:14.203,9.22167,9.23155,1.00,1.00
2016.12.21 23:00:14.900,9.22127,9.23155,1.00,1.00
2016.12.21 23:00:14.951,9.2209,9.23102,1.50,1.00
2016.12.21 23:00:15.106,9.22073,9.23102,1.00,1.00
2016.12.21 23:00:15.156,9.22081,9.23102,1.00,1.00
2016.12.21 23:00:15.475,9.22085,9.23102,1.00,1.00
2016.12.21 23:00:15.901,9.22128,9.23102,1.00,1.00
2016.12.21 23:00:15.952,9.22089,9.23102,1.00,1.00
2016.12.21 23:00:16.101,9.22121,9.23102,1.00,1.00
2016.12.21 23:00:16.152,9.22089,9.23102,1.00,1.00
2016.12.21 23:00:16.221,9.22104,9.23102,1.00,1.00
2016.12.21 23:00:16.572,9.22148,9.23102,1.00,1.00
2016.12.21 23:00:17.028,9.22103,9.23102,1.00,1.00
2016.12.21 23:00:17.233,9.22139,9.23102,1.00,1.00
2016.12.21 23:00:17.351,9.22103,9.23102,1.00,1.00
2016.12.21 23:00:17.916,9.22139,9.23102,1.00,1.00
2016.12.21 23:00:18.071,9.22103,9.23102,1.00,1.00
2016.12.21 23:00:18.239,9.22139,9.23102,1.00,1.00
2016.12.21 23:00:18.353,9.22103,9.23102,1.00,1.00
2016.12.21 23:00:18.663,9.22123,9.23129,1.00,1.50
2016.12.21 23:00:18.714,9.22123,9.23139,1.00,1.00
2016.12.21 23:00:18.815,9.22123,9.23151,1.00,1.00
2016.12.21 23:00:18.933,9.22164,9.23151,1.00,1.00
2016.12.21 23:00:19.295,9.22168,9.23138,1.00,1.00
2016.12.21 23:00:19.365,9.22129,9.23151,1.00,1.00
2016.12.21 23:00:19.466,9.22162,9.23138,1.00,1.00
2016.12.21 23:00:19.707,9.22169,9.23151,1.00,1.00
2016.12.21 23:00:19.818,9.22178,9.23118,1.00,1.00
2016.12.21 23:00:19.923,9.22145,9.23151,1.00,1.00
2016.12.21 23:00:19.973,9.22189,9.23151,1.00,1.00
2016.12.21 23:00:20.363,9.2215,9.23151,1.00,1.00
2016.12.21 23:00:20.460,9.22185,9.23151,1.00,1.00
2016.12.21 23:00:20.786,9.22192,9.23147,1.00,1.00
2016.12.21 23:00:20.837,9.22192,9.23151,1.00,1.00
2016.12.21 23:00:20.923,9.22201,9.23149,1.00,1.00
2016.12.21 23:00:21.512,9.22202,9.23067,1.00,1.00
2016.12.21 23:00:21.563,9.22158,9.23151,1.00,1.00
2016.12.21 23:00:21.664,9.22193,9.23151,1.00,1.00
2016.12.21 23:00:21.714,9.22158,9.23151,1.00,1.00
2016.12.21 23:00:21.875,9.22193,9.23151,1.00,1.00
2016.12.21 23:00:21.926,9.22158,9.23151,1.00,1.00
2016.12.21 23:00:22.536,9.22125,9.23151,1.00,1.00
2016.12.21 23:00:22.637,9.2214,9.23151,1.00,1.00
2016.12.21 23:00:22.939,9.22162,9.23151,1.00,1.00
2016.12.21 23:00:23.543,9.22165,9.23151,1.00,1.00
2016.12.21 23:00:23.794,9.22163,9.23151,1.00,1.00
2016.12.21 23:00:24.526,9.22173,9.23151,1.00,1.00
2016.12.21 23:00:24.633,9.22135,9.23151,1.00,1.00
2016.12.21 23:00:24.954,9.22178,9.23151,1.00,1.00
2016.12.21 23:00:25.664,9.22163,9.23039,1.00,1.00
2016.12.21 23:00:25.866,9.22123,9.23151,1.00,1.00
2016.12.21 23:00:25.950,9.22155,9.23151,1.00,1.00
2016.12.21 23:00:26.001,9.22123,9.23151,1.00,1.00
2016.12.21 23:00:26.635,9.22154,9.23059,1.00,1.00
2016.12.21 23:00:26.849,9.22153,9.23151,1.00,1.00
2016.12.21 23:00:26.900,9.22123,9.23151,1.00,1.00
2016.12.21 23:00:27.671,9.22178,9.23036,1.00,1.00
2016.12.21 23:00:28.180,9.22134,9.23151,1.00,1.00
2016.12.21 23:00:28.283,9.2217,9.23062,1.00,1.00
2016.12.21 23:00:28.333,9.22134,9.23151,1.00,1.00
2016.12.21 23:00:28.614,9.22178,9.23151,1.00,1.00
2016.12.21 23:00:29.180,9.22163,9.23035,1.00,1.00
2016.12.21 23:00:29.397,9.22123,9.23151,1.00,1.00
2016.12.21 23:00:29.499,9.22155,9.23151,1.00,1.00
2016.12.21 23:00:29.701,9.22123,9.23151,1.00,1.00
2016.12.21 23:00:29.831,9.22163,9.23151,1.00,1.00
2016.12.21 23:00:30.398,9.22193,9.23035,1.00,1.00
2016.12.21 23:00:30.552,9.22149,9.23138,1.00,1.00
2016.12.21 23:00:30.653,9.22184,9.23138,1.00,1.00
2016.12.21 23:00:30.704,9.22149,9.23138,1.00,1.00
2016.12.21 23:00:30.938,9.22184,9.23151,1.00,1.00
2016.12.21 23:00:31.398,9.22179,9.23051,1.00,1.00
2016.12.21 23:00:31.503,9.22144,9.23133,1.00,1.00
2016.12.21 23:00:31.611,9.22179,9.23029,1.00,1.00
2016.12.21 23:00:31.661,9.22179,9.23133,1.00,1.00
2016.12.21 23:00:31.712,9.22144,9.23133,1.00,1.00
2016.12.21 23:00:31.973,9.22179,9.23133,1.00,1.00
2016.12.21 23:00:32.425,9.22188,9.23029,1.00,1.00
2016.12.21 23:00:32.614,9.22144,9.23133,1.00,1.00
2016.12.21 23:00:32.753,9.2216,9.23151,1.00,1.00
2016.12.21 23:00:32.854,9.22123,9.23151,1.00,1.00
2016.12.21 23:00:32.954,9.22094,9.23097,1.00,1.00
2016.12.21 23:00:33.278,9.22155,9.23041,1.00,1.00
2016.12.21 23:00:33.675,9.22108,9.23097,1.00,1.00
2016.12.21 23:00:33.725,9.22153,9.22974,1.00,1.00
2016.12.21 23:00:34.078,9.22129,9.23097,1.00,1.00
2016.12.21 23:00:34.179,9.22102,9.23097,1.00,1.00
2016.12.21 23:00:34.280,9.22175,9.23046,1.00,1.00
2016.12.21 23:00:34.391,9.22109,9.23097,1.00,1.00
2016.12.21 23:00:34.441,9.22166,9.23035,1.00,1.00
2016.12.21 23:00:34.723,9.22124,9.23097,1.00,1.00
2016.12.21 23:00:35.317,9.22141,9.23097,1.00,1.00
2016.12.21 23:00:35.628,9.22148,9.23097,1.00,1.00
2016.12.21 23:00:35.935,9.22194,9.23018,1.00,1.00
2016.12.21 23:00:36.087,9.22204,9.23116,1.00,1.00
2016.12.21 23:00:36.188,9.2215,9.23134,1.00,1.50
2016.12.21 23:00:36.289,9.2215,9.23152,1.00,1.00
2016.12.21 23:00:36.726,9.22187,9.23102,1.00,1.00
2016.12.21 23:00:37.202,9.22153,9.23152,1.00,1.00
2016.12.21 23:00:37.381,9.22197,9.23067,1.00,1.00
2016.12.21 23:00:37.432,9.22159,9.23152,1.00,1.00
2016.12.21 23:00:37.714,9.22207,9.23152,1.00,1.00
2016.12.21 23:00:38.167,9.22207,9.23122,1.00,1.00
2016.12.21 23:00:38.313,9.22159,9.23152,1.00,1.00
2016.12.21 23:00:38.488,9.22198,9.23152,1.00,1.00
2016.12.21 23:00:38.539,9.22124,9.23152,1.00,1.00
2016.12.21 23:00:38.598,9.22176,9.23152,1.00,1.00
2016.12.21 23:00:38.649,9.22124,9.23152,1.00,1.00
2016.12.21 23:00:38.863,9.22176,9.23152,1.00,1.00
2016.12.21 23:00:39.507,9.22159,9.23152,1.00,1.00
2016.12.21 23:00:39.608,9.22197,9.23063,1.00,1.00
2016.12.21 23:00:39.710,9.22159,9.23152,1.00,1.00
2016.12.21 23:00:39.776,9.22197,9.23152,1.00,1.00
2016.12.21 23:00:39.827,9.22159,9.23152,1.00,1.00
2016.12.21 23:00:40.492,9.22197,9.23063,1.00,1.00
2016.12.21 23:00:40.548,9.22197,9.23152,1.00,1.00
2016.12.21 23:00:40.654,9.22159,9.23152,1.00,1.00
2016.12.21 23:00:40.709,9.22198,9.23152,1.00,1.00
2016.12.21 23:00:40.760,9.22159,9.23152,1.00,1.00
2016.12.21 23:00:40.930,9.22197,9.23152,1.00,1.00
2016.12.21 23:00:41.495,9.22207,9.23063,1.00,1.00
2016.12.21 23:00:41.666,9.22159,9.23152,1.00,1.00
2016.12.21 23:00:41.718,9.22197,9.23063,1.00,1.00
2016.12.21 23:00:41.769,9.22159,9.23152,1.00,1.00
2016.12.21 23:00:41.972,9.22197,9.23152,1.00,1.00
2016.12.21 23:00:42.455,9.2215,9.23141,1.00,1.00
2016.12.21 23:00:42.506,9.22202,9.23088,1.00,1.00
2016.12.21 23:00:42.657,9.22159,9.23152,1.00,1.00
2016.12.21 23:00:42.858,9.22183,9.23152,1.00,1.00
2016.12.21 23:00:42.909,9.22124,9.23152,1.00,1.00
2016.12.21 23:00:42.959,9.22182,9.23108,1.00,1.00
2016.12.21 23:00:43.060,9.22124,9.23152,1.00,1.00
2016.12.21 23:00:43.285,9.22177,9.23152,1.00,1.00
2016.12.21 23:00:43.743,9.22124,9.23152,1.00,1.00
2016.12.21 23:00:43.844,9.22141,9.23152,1.00,1.00
2016.12.21 23:00:44.052,9.22124,9.23152,1.00,1.00
2016.12.21 23:00:44.303,9.22167,9.23117,1.00,1.00
2016.12.21 23:00:44.798,9.22212,9.2309,1.00,1.00
2016.12.21 23:00:44.849,9.22172,9.23152,1.00,1.00
2016.12.21 23:00:45.192,9.22208,9.23152,1.00,1.00
2016.12.21 23:00:45.313,9.22171,9.23152,1.00,1.00
2016.12.21 23:00:45.413,9.22217,9.23152,1.00,1.00
2016.12.21 23:00:45.847,9.22184,9.23036,1.00,1.00
2016.12.21 23:00:45.925,9.2214,9.23138,1.00,1.00
2016.12.21 23:00:46.360,9.22178,9.23138,1.00,1.00
2016.12.21 23:00:46.410,9.2214,9.23138,1.00,1.00
2016.12.21 23:00:46.511,9.22188,9.23137,1.00,1.00
2016.12.21 23:00:46.942,9.22187,9.23036,1.00,1.00
2016.12.21 23:00:47.080,9.22145,9.23138,1.00,1.00
2016.12.21 23:00:47.293,9.2218,9.23036,1.00,1.00
2016.12.21 23:00:47.393,9.22143,9.23138,1.00,1.00
2016.12.21 23:00:47.444,9.22124,9.23152,1.00,1.00
2016.12.21 23:00:47.494,9.22155,9.23152,1.00,1.00
2016.12.21 23:00:47.617,9.22124,9.23152,1.00,1.00
2016.12.21 23:00:47.669,9.22175,9.23047,1.00,1.00
2016.12.21 23:00:48.276,9.22154,9.23152,1.00,1.00
2016.12.21 23:00:48.351,9.22191,9.23152,1.00,1.00
2016.12.21 23:00:48.402,9.22154,9.23152,1.00,1.00
2016.12.21 23:00:48.460,9.22191,9.23152,1.00,1.00
2016.12.21 23:00:48.511,9.22154,9.23152,1.00,1.00
2016.12.21 23:00:48.612,9.22157,9.23152,1.00,1.00
2016.12.21 23:00:48.944,9.22157,9.23099,1.00,1.00
2016.12.21 23:00:49.246,9.22201,9.2306,1.00,1.00
2016.12.21 23:00:49.297,9.22154,9.23099,1.00,1.00
2016.12.21 23:00:49.457,9.2219,9.23099,1.00,1.00
2016.12.21 23:00:49.508,9.22153,9.23099,1.00,1.00
2016.12.21 23:00:49.566,9.2219,9.23099,1.00,1.00
2016.12.21 23:00:49.617,9.22153,9.23099,1.00,1.00
2016.12.21 23:00:49.716,9.22169,9.23032,1.00,1.00
2016.12.21 23:00:50.254,9.22129,9.22999,1.00,1.00
2016.12.21 23:00:50.506,9.22133,9.22948,1.00,1.00
2016.12.21 23:00:50.607,9.22077,9.23061,1.00,1.00
2016.12.21 23:00:50.808,9.22122,9.2306,1.00,1.00
2016.12.21 23:00:51.618,9.22139,9.22966,1.00,1.00
2016.12.21 23:00:51.718,9.22103,9.23091,1.00,1.00
2016.12.21 23:00:52.263,9.22104,9.2309,1.00,1.00
2016.12.21 23:00:52.537,9.22132,9.22981,1.00,1.00
2016.12.21 23:00:52.688,9.22083,9.23056,1.00,1.00
2016.12.21 23:00:52.789,9.22088,9.23072,1.00,1.50
2016.12.21 23:00:52.880,9.22129,9.23099,1.00,1.00
2016.12.21 23:00:53.729,9.22157,9.22997,1.00,1.00
2016.12.21 23:00:53.830,9.22034,9.23037,2.10,1.00
2016.12.21 23:00:53.981,9.22009,9.23037,1.00,1.00
2016.12.21 23:00:54.132,9.22087,9.22947,1.00,1.00
2016.12.21 23:00:54.837,9.22104,9.22941,1.00,1.00
2016.12.21 23:00:54.938,9.22045,9.23037,1.00,1.00
2016.12.21 23:00:54.989,9.22089,9.23037,1.00,1.00
2016.12.21 23:00:55.140,9.22087,9.23074,1.00,1.50
2016.12.21 23:00:55.307,9.22135,9.23126,1.00,1.37
2016.12.21 23:00:55.382,9.22135,9.23126,1.00,1.00
2016.12.21 23:00:55.804,9.22181,9.23013,1.00,1.00
2016.12.21 23:00:55.999,9.22187,9.23135,1.00,1.00
2016.12.21 23:00:56.050,9.2214,9.23134,1.00,1.00
2016.12.21 23:00:56.151,9.22191,9.23136,1.00,1.50
2016.12.21 23:00:56.219,9.22191,9.23152,1.00,1.00
2016.12.21 23:00:56.370,9.22237,9.23152,1.00,1.00
2016.12.21 23:00:57.027,9.22211,9.23152,1.00,1.00
2016.12.21 23:00:57.128,9.22249,9.23102,1.00,1.00
2016.12.21 23:00:57.267,9.22202,9.23152,1.00,1.00
2016.12.21 23:00:57.556,9.22247,9.23152,1.00,1.00
2016.12.21 23:00:58.005,9.22247,9.23095,1.00,1.00
2016.12.21 23:00:58.156,9.22124,9.23152,1.00,1.00
2016.12.21 23:00:58.357,9.22218,9.23152,1.00,1.00
2016.12.21 23:00:59.117,9.22199,9.23152,1.00,1.00
2016.12.21 23:00:59.218,9.22238,9.23104,1.00,1.00
2016.12.21 23:00:59.269,9.22199,9.23152,1.00,1.00
2016.12.21 23:00:59.361,9.22237,9.23105,1.00,1.00
2016.12.21 23:01:00.120,9.22237,9.23152,1.00,1.00
2016.12.21 23:01:00.235,9.22198,9.23152,1.00,1.00
2016.12.21 23:01:00.324,9.22237,9.23152,1.00,1.00
2016.12.21 23:01:00.375,9.22199,9.23152,1.00,1.00
2016.12.21 23:01:00.435,9.22252,9.23152,1.00,1.00
2016.12.21 23:01:01.163,9.22252,9.2307,1.00,1.00
2016.12.21 23:01:01.237,9.22207,9.23152,1.00,1.00
2016.12.21 23:01:01.484,9.222,9.23152,1.00,1.00
2016.12.21 23:01:02.116,9.22247,9.23082,1.00,1.00
2016.12.21 23:01:02.334,9.22199,9.23152,1.00,1.00
2016.12.21 23:01:02.436,9.22237,9.23152,1.00,1.00
2016.12.21 23:01:02.487,9.22199,9.23152,1.00,1.00
2016.12.21 23:01:02.546,9.22237,9.23152,1.00,1.00
2016.12.21 23:01:03.118,9.22237,9.23088,1.00,1.00
2016.12.21 23:01:03.333,9.22237,9.23152,1.00,1.00
2016.12.21 23:01:03.384,9.22199,9.23152,1.00,1.00
2016.12.21 23:01:03.441,9.22238,9.23087,1.00,1.00
2016.12.21 23:01:03.492,9.22199,9.23152,1.00,1.00
2016.12.21 23:01:03.593,9.22237,9.23152,1.00,1.00
2016.12.21 23:01:04.121,9.22247,9.23088,1.00,1.00
2016.12.21 23:01:04.446,9.22247,9.23152,1.00,1.00
2016.12.21 23:01:04.497,9.22199,9.23152,1.00,1.00
2016.12.21 23:01:04.547,9.222,9.23087,1.00,1.00
2016.12.21 23:01:04.598,9.222,9.23152,1.00,1.00
2016.12.21 23:01:05.122,9.22239,9.23083,1.00,1.00
2016.12.21 23:01:05.447,9.222,9.23152,1.00,1.00
2016.12.21 23:01:05.663,9.2224,9.23152,1.00,1.00
2016.12.21 23:01:06.005,9.2224,9.23083,1.00,1.00
2016.12.21 23:01:06.562,9.2225,9.23152,1.00,1.00
2016.12.21 23:01:06.613,9.22202,9.23152,1.00,1.00
2016.12.21 23:01:06.671,9.2224,9.23152,1.00,1.00
2016.12.21 23:01:06.722,9.22202,9.23152,1.00,1.00
2016.12.21 23:01:07.564,9.2224,9.23083,1.00,1.00
2016.12.21 23:01:07.614,9.22202,9.23152,1.00,1.00
2016.12.21 23:01:07.705,9.2224,9.23083,1.00,1.00
2016.12.21 23:01:08.569,9.2224,9.23152,1.00,1.00
2016.12.21 23:01:08.730,9.22202,9.23152,1.00,1.00
2016.12.21 23:01:08.781,9.2215,9.23152,1.00,1.00
2016.12.21 23:01:08.952,9.22225,9.23152,1.00,1.00
2016.12.21 23:01:09.587,9.22173,9.23151,1.00,1.00
2016.12.21 23:01:09.681,9.22218,9.23151,1.00,1.00
2016.12.21 23:01:09.731,9.2218,9.23151,1.00,1.00
2016.12.21 23:01:09.843,9.22228,9.23151,1.00,1.00
2016.12.21 23:01:10.204,9.22229,9.23021,1.00,1.00
2016.12.21 23:01:10.575,9.22182,9.23139,1.00,1.00
2016.12.21 23:01:10.682,9.22221,9.23045,1.00,1.00
2016.12.21 23:01:10.786,9.22182,9.23139,1.00,1.00
2016.12.21 23:01:10.837,9.22221,9.23045,1.00,1.00
2016.12.21 23:01:10.901,9.22222,9.23138,1.00,1.00
2016.12.21 23:01:11.662,9.22231,9.23045,1.00,1.00
2016.12.21 23:01:11.714,9.22183,9.2315,1.00,1.00
2016.12.21 23:01:11.897,9.22219,9.23148,1.00,1.00
2016.12.21 23:01:11.948,9.22179,9.23149,1.00,1.00
2016.12.21 23:01:12.577,9.22218,9.23046,1.00,1.00
2016.12.21 23:01:12.684,9.22179,9.23149,1.00,1.00
2016.12.21 23:01:12.791,9.22218,9.23149,1.00,1.00
2016.12.21 23:01:12.842,9.22179,9.23149,1.00,1.00
2016.12.21 23:01:12.902,9.22218,9.23149,1.00,1.00
2016.12.21 23:01:12.952,9.22179,9.23149,1.00,1.00
2016.12.21 23:01:13.580,9.22219,9.23045,1.00,1.00
2016.12.21 23:01:13.687,9.22179,9.23149,1.00,1.00
2016.12.21 23:01:13.811,9.22218,9.23046,1.00,1.00
2016.12.21 23:01:13.904,9.22179,9.23149,1.00,1.00
2016.12.21 23:01:13.954,9.22218,9.23149,1.00,1.00
2016.12.21 23:01:14.585,9.22218,9.23046,1.00,1.00
2016.12.21 23:01:14.688,9.22179,9.23149,1.00,1.00
2016.12.21 23:01:14.841,9.22218,9.23149,1.00,1.00
2016.12.21 23:01:15.585,9.22218,9.23046,1.00,1.00
2016.12.21 23:01:15.689,9.22183,9.23159,1.00,1.00
2016.12.21 23:01:15.798,9.22232,9.23159,1.00,1.00
2016.12.21 23:01:16.114,9.22232,9.23029,1.00,1.00
2016.12.21 23:01:16.226,9.22183,9.23159,1.00,1.00
2016.12.21 23:01:16.277,9.22223,9.23159,1.00,1.00
2016.12.21 23:01:16.425,9.2218,9.23143,1.00,1.00
2016.12.21 23:01:16.588,9.22228,9.23051,1.00,1.00
2016.12.21 23:01:17.291,9.22179,9.2314,1.00,1.00
2016.12.21 23:01:17.435,9.22212,9.23146,1.00,1.00
2016.12.21 23:01:17.589,9.22181,9.23157,1.00,1.00
2016.12.21 23:01:17.690,9.22217,9.23152,1.00,1.00
2016.12.21 23:01:17.743,9.22176,9.2315,1.00,1.00
2016.12.21 23:01:18.244,9.22227,9.23048,1.00,1.00
2016.12.21 23:01:18.347,9.22226,9.2315,1.00,1.00
2016.12.21 23:01:18.398,9.22176,9.2315,1.00,1.00
2016.12.21 23:01:18.452,9.22216,9.2315,1.00,1.00
2016.12.21 23:01:18.628,9.22176,9.2315,1.00,1.00
2016.12.21 23:01:18.785,9.2216,9.23034,1.00,1.00
2016.12.21 23:01:19.358,9.22137,9.23084,1.00,1.00
2016.12.21 23:01:19.457,9.22177,9.23085,1.00,1.00
2016.12.21 23:01:19.684,9.22136,9.23085,1.00,1.00
2016.12.21 23:01:19.810,9.22177,9.22982,1.00,1.00
2016.12.21 23:01:20.353,9.22177,9.23082,1.00,1.00
2016.12.21 23:01:20.404,9.22136,9.23083,1.00,1.00
2016.12.21 23:01:20.464,9.22176,9.23083,1.00,1.00
2016.12.21 23:01:20.615,9.22136,9.23083,1.00,1.00
2016.12.21 23:01:20.831,9.22177,9.22981,1.00,1.00
2016.12.21 23:01:20.881,9.22127,9.23092,1.00,1.00
2016.12.21 23:01:20.932,9.22192,9.23092,1.00,1.00
2016.12.21 23:01:21.257,9.22192,9.23124,1.00,1.00
2016.12.21 23:01:21.569,9.22213,9.23048,1.00,1.00
2016.12.21 23:01:21.619,9.22171,9.23154,1.00,1.00
2016.12.21 23:01:21.900,9.22211,9.23154,1.00,1.00
2016.12.21 23:01:21.951,9.22172,9.23154,1.00,1.00
2016.12.21 23:01:22.906,9.22212,9.23154,1.00,1.00
2016.12.21 23:01:22.956,9.22172,9.23154,1.00,1.00
2016.12.21 23:01:23.464,9.22126,9.23154,1.00,1.00
2016.12.21 23:01:23.800,9.22126,9.23063,1.00,1.00
2016.12.21 23:01:24.011,9.22191,9.23154,1.00,1.00
2016.12.21 23:01:24.062,9.22126,9.23154,1.00,1.00
2016.12.21 23:01:24.122,9.22191,9.23154,1.00,1.00
2016.12.21 23:01:24.172,9.22126,9.23154,1.00,1.00
2016.12.21 23:01:24.465,9.22217,9.23021,1.00,1.00
2016.12.21 23:01:25.062,9.22126,9.23154,1.00,1.00
2016.12.21 23:01:25.117,9.22191,9.23154,1.00,1.00
2016.12.21 23:01:25.168,9.22126,9.23154,1.00,1.00
2016.12.21 23:01:25.381,9.22192,9.23154,1.00,1.00
2016.12.21 23:01:26.028,9.22188,9.23154,1.00,1.00
2016.12.21 23:01:26.233,9.22228,9.23154,1.00,1.00
2016.12.21 23:01:26.284,9.22188,9.23154,1.00,1.00
2016.12.21 23:01:26.393,9.22228,9.23055,1.00,1.00
2016.12.21 23:01:27.027,9.22191,9.23131,1.00,1.00
2016.12.21 23:01:27.078,9.22306,9.2313,1.00,1.00
2016.12.21 23:01:27.382,9.22388,9.2304,1.00,1.00
2016.12.21 23:01:27.769,9.22477,9.2304,1.00,1.00
2016.12.21 23:01:28.117,9.22477,9.23092,1.00,1.00
2016.12.21 23:01:28.218,9.22477,9.23099,1.00,1.00
2016.12.21 23:01:28.370,9.22477,9.23063,1.00,1.00
2016.12.21 23:01:28.771,9.22477,9.23086,1.00,1.00
2016.12.21 23:01:28.938,9.22509,9.23086,1.00,1.00
2016.12.21 23:01:29.103,9.22509,9.23119,1.00,1.00
2016.12.21 23:01:29.213,9.22509,9.231,1.00,1.00
2016.12.21 23:01:29.364,9.22509,9.23114,1.00,1.00
2016.12.21 23:01:30.126,9.22509,9.231,1.00,1.00
2016.12.21 23:01:30.346,9.22509,9.23114,1.00,1.00
2016.12.21 23:01:30.396,9.22509,9.231,1.00,1.00
2016.12.21 23:01:30.456,9.22509,9.23114,1.00,1.00
2016.12.21 23:01:31.151,9.22509,9.23099,1.00,1.00
2016.12.21 23:01:31.472,9.22509,9.23114,1.00,1.00
2016.12.21 23:01:32.128,9.22509,9.23107,1.00,1.00
2016.12.21 23:01:32.458,9.22509,9.23103,1.00,1.00
2016.12.21 23:01:33.028,9.22509,9.23102,1.00,1.00
2016.12.21 23:01:33.402,9.22509,9.23121,1.00,1.00
2016.12.21 23:01:33.896,9.226,9.2312,1.00,1.00
2016.12.21 23:01:34.480,9.226,9.23127,1.00,1.00
2016.12.21 23:01:35.049,9.226,9.2311,1.00,1.00
2016.12.21 23:01:35.100,9.226,9.23126,1.00,1.00
2016.12.21 23:01:35.326,9.2248,9.23126,1.00,1.00
2016.12.21 23:01:35.509,9.22463,9.23172,1.00,1.50
2016.12.21 23:01:35.560,9.22373,9.23121,1.00,1.00
2016.12.21 23:01:35.718,9.2259,9.23121,1.00,1.00
2016.12.21 23:01:36.026,9.2259,9.23109,1.00,1.00
2016.12.21 23:01:37.731,9.2259,9.23105,1.00,1.00
2016.12.21 23:01:37.782,9.2259,9.23172,1.00,1.50
2016.12.21 23:01:37.883,9.22466,9.23172,1.00,1.50
2016.12.21 23:01:37.946,9.22466,9.23143,1.00,1.00
2016.12.21 23:01:38.047,9.22382,9.23172,1.00,1.50
2016.12.21 23:01:38.279,9.22466,9.23108,1.00,1.00
2016.12.21 23:01:38.612,9.2254,9.23108,1.00,1.00
2016.12.21 23:01:38.763,9.22466,9.23108,1.00,1.00
2016.12.21 23:01:38.864,9.22501,9.23108,1.00,1.00
2016.12.21 23:01:39.182,9.22546,9.23089,1.00,1.00
2016.12.21 23:01:39.409,9.22442,9.23089,1.00,1.00
2016.12.21 23:01:39.769,9.2238,9.2309,1.00,1.00
2016.12.21 23:01:39.819,9.22462,9.2309,1.00,1.00
2016.12.21 23:01:40.163,9.22507,9.23109,1.00,1.00
2016.12.21 23:01:40.878,9.22507,9.23092,1.00,1.00
2016.12.21 23:01:41.232,9.22507,9.23109,1.00,1.00
2016.12.21 23:01:42.279,9.22507,9.23108,1.00,1.00
2016.12.21 23:01:42.463,9.22507,9.2309,1.00,1.00
2016.12.21 23:01:43.063,9.22504,9.23073,1.00,1.00
2016.12.21 23:01:43.215,9.2246,9.23073,1.00,1.00
2016.12.21 23:01:43.266,9.2246,9.23089,1.00,1.00
2016.12.21 23:01:43.367,9.22494,9.23089,1.00,1.00
2016.12.21 23:01:44.013,9.22494,9.23073,1.00,1.00
2016.12.21 23:01:44.370,9.22494,9.23068,1.00,1.00
2016.12.21 23:01:47.016,9.22494,9.23063,1.00,1.00
2016.12.21 23:01:48.423,9.22494,9.23057,1.00,1.00
2016.12.21 23:01:48.474,9.22463,9.23057,1.00,1.00
2016.12.21 23:01:49.412,9.22463,9.23062,1.00,1.00
2016.12.21 23:01:49.463,9.22463,9.23083,1.00,1.00
2016.12.21 23:01:50.448,9.22463,9.23068,1.00,1.00
2016.12.21 23:01:51.530,9.22463,9.23063,1.00,1.00
2016.12.21 23:01:51.580,9.22463,9.23067,1.00,1.00
2016.12.21 23:01:52.531,9.22463,9.23042,1.00,1.00
2016.12.21 23:01:52.632,9.22464,9.23058,1.00,1.00
2016.12.21 23:01:53.533,9.22464,9.23044,1.00,1.00
2016.12.21 23:01:53.940,9.22464,9.23028,1.00,1.00
2016.12.21 23:01:53.991,9.22464,9.23044,1.00,1.00
2016.12.21 23:01:54.504,9.22463,9.23044,1.00,1.00
2016.12.21 23:01:54.661,9.22463,9.23018,1.00,1.00
2016.12.21 23:01:55.258,9.22463,9.23017,1.00,1.00
2016.12.21 23:01:55.308,9.22463,9.23037,1.00,1.00
2016.12.21 23:01:55.369,9.22463,9.23022,1.00,1.00
2016.12.21 23:01:56.631,9.22463,9.23025,1.00,1.00
2016.12.21 23:01:57.443,9.22463,9.22997,1.00,1.00
2016.12.21 23:01:57.598,9.22463,9.23011,1.00,1.00
2016.12.21 23:01:58.582,9.22463,9.22994,1.00,1.00
2016.12.21 23:01:59.013,9.22463,9.23022,1.00,1.00
2016.12.21 23:01:59.294,9.22463,9.23015,1.00,1.00
2016.12.21 23:01:59.778,9.22463,9.23006,1.00,1.00
2016.12.21 23:02:00.633,9.22463,9.23018,1.00,1.00
2016.12.21 23:02:00.836,9.22463,9.23021,1.00,1.00
2016.12.21 23:02:01.602,9.22463,9.23019,1.50,1.00
2016.12.21 23:02:02.418,9.22463,9.23038,1.50,1.00
2016.12.21 23:02:03.371,9.22463,9.23021,1.50,1.00
2016.12.21 23:02:03.502,9.22463,9.23024,1.00,1.00
2016.12.21 23:02:03.552,9.22463,9.23004,1.00,1.00
2016.12.21 23:02:03.788,9.22463,9.23032,1.00,1.00
2016.12.21 23:02:04.486,9.22463,9.23007,1.00,1.00
2016.12.21 23:02:05.371,9.22463,9.23038,1.00,1.00
2016.12.21 23:02:06.536,9.22483,9.23038,1.00,1.00
2016.12.21 23:02:07.643,9.22483,9.23044,1.00,1.00
2016.12.21 23:02:08.960,9.22483,9.23037,1.00,1.00
2016.12.21 23:02:09.717,9.22483,9.23023,1.00,1.00
2016.12.21 23:02:10.542,9.22483,9.23004,1.00,1.00
2016.12.21 23:02:10.753,9.22483,9.2302,1.00,1.00
2016.12.21 23:02:11.580,9.22483,9.23,1.00,1.00
2016.12.21 23:02:11.900,9.22483,9.22989,1.00,1.00
2016.12.21 23:02:12.816,9.22483,9.22971,1.00,1.00
2016.12.21 23:02:12.867,9.22483,9.22987,1.00,1.00
2016.12.21 23:02:13.829,9.22483,9.22976,1.00,1.00
2016.12.21 23:02:16.113,9.22444,9.22995,1.00,1.00
2016.12.21 23:02:16.214,9.22413,9.23047,1.00,1.00
2016.12.21 23:02:16.415,9.22413,9.22981,1.00,1.00
2016.12.21 23:02:17.178,9.22422,9.22987,1.00,1.00
2016.12.21 23:02:17.379,9.22413,9.22999,1.00,1.00
2016.12.21 23:02:18.312,9.22413,9.22977,1.50,1.00
2016.12.21 23:02:19.257,9.22413,9.22999,1.50,1.00
2016.12.21 23:02:19.367,9.22413,9.22977,1.50,1.00
2016.12.21 23:02:20.341,9.22413,9.22979,1.00,1.00
2016.12.21 23:02:21.320,9.22413,9.22994,1.00,1.00
2016.12.21 23:02:21.920,9.22418,9.22995,1.00,1.00
2016.12.21 23:02:24.116,9.22414,9.2298,1.00,1.00
2016.12.21 23:02:24.864,9.22413,9.22992,1.00,1.00
2016.12.21 23:02:24.915,9.22388,9.22992,1.00,1.00
2016.12.21 23:02:25.096,9.22371,9.22969,1.00,1.00
2016.12.21 23:02:25.857,9.22376,9.2297,1.00,1.00
2016.12.21 23:02:26.077,9.22376,9.22988,1.00,1.00
2016.12.21 23:02:27.067,9.22383,9.2297,1.00,1.00
2016.12.21 23:02:28.028,9.22385,9.22967,1.00,1.00
2016.12.21 23:02:28.079,9.22385,9.2299,1.00,1.00
2016.12.21 23:02:29.631,9.22371,9.23,1.00,1.00
2016.12.21 23:02:29.682,9.22371,9.2296,1.00,1.00
2016.12.21 23:02:29.984,9.22371,9.22923,1.00,1.00
2016.12.21 23:02:30.608,9.22371,9.22953,1.00,1.00
2016.12.21 23:02:30.709,9.22371,9.22925,1.00,1.00
2016.12.21 23:02:31.028,9.22373,9.22925,1.00,1.00
2016.12.21 23:02:31.648,9.22373,9.2292,1.00,1.00
2016.12.21 23:02:31.744,9.22373,9.22942,1.00,1.00
2016.12.21 23:02:32.687,9.22373,9.22924,1.00,1.00
2016.12.21 23:02:34.086,9.22373,9.22943,1.00,1.00
2016.12.21 23:02:36.839,9.22373,9.22925,1.00,1.00
2016.12.21 23:02:36.890,9.22373,9.22943,1.00,1.00
2016.12.21 23:02:36.940,9.22373,9.22935,1.00,1.00
2016.12.21 23:02:37.084,9.2236,9.22935,1.00,1.00
2016.12.21 23:02:37.135,9.2231,9.2304,1.00,2.25
2016.12.21 23:02:37.286,9.2231,9.23046,1.00,1.00
2016.12.21 23:02:37.531,9.22323,9.23046,1.00,1.00
2016.12.21 23:02:37.842,9.22354,9.22973,1.00,1.00
2016.12.21 23:02:38.157,9.22354,9.22947,1.00,1.00
2016.12.21 23:02:39.110,9.22354,9.22943,1.00,1.00
2016.12.21 23:02:39.222,9.22354,9.22972,1.00,1.00
2016.12.21 23:02:40.110,9.22358,9.22967,1.00,1.00
2016.12.21 23:02:40.473,9.22369,9.22966,1.00,1.00
2016.12.21 23:02:42.010,9.22369,9.22959,1.00,1.00
2016.12.21 23:02:42.331,9.22378,9.22976,1.00,1.00
2016.12.21 23:02:42.432,9.22387,9.22976,1.00,1.00
2016.12.21 23:02:43.191,9.22387,9.22983,1.00,1.00
2016.12.21 23:02:44.193,9.22387,9.22978,1.00,1.00
2016.12.21 23:02:45.376,9.22387,9.22979,1.00,1.00
2016.12.21 23:02:46.119,9.22387,9.22953,1.00,1.00
2016.12.21 23:02:46.380,9.22387,9.22977,1.00,1.00
2016.12.21 23:02:47.370,9.22387,9.22957,1.00,1.00
2016.12.21 23:02:47.421,9.22387,9.22977,1.00,1.00
2016.12.21 23:02:48.371,9.22387,9.22952,1.00,1.00
2016.12.21 23:02:48.422,9.22387,9.22976,1.00,1.00
2016.12.21 23:02:49.433,9.22387,9.22991,1.00,1.00
2016.12.21 23:02:49.539,9.22387,9.22965,1.00,1.00
2016.12.21 23:02:50.388,9.22387,9.22973,1.00,1.00
2016.12.21 23:02:50.439,9.22387,9.22999,1.00,1.00
2016.12.21 23:02:51.389,9.22387,9.22978,1.00,1.00
2016.12.21 23:02:51.440,9.22387,9.22999,1.00,1.00
2016.12.21 23:02:52.375,9.22403,9.22999,1.00,1.00
2016.12.21 23:02:52.426,9.22403,9.23003,1.00,1.00
2016.12.21 23:02:53.395,9.22403,9.22983,1.00,1.00
2016.12.21 23:02:54.396,9.22403,9.22979,1.00,1.00
2016.12.21 23:02:54.446,9.22403,9.23003,1.00,1.00
2016.12.21 23:02:55.398,9.22403,9.22982,1.00,1.00
2016.12.21 23:02:55.449,9.22403,9.22999,1.00,1.00
2016.12.21 23:02:55.590,9.22403,9.22972,1.00,1.00
2016.12.21 23:02:56.402,9.22403,9.23002,1.00,1.00
2016.12.21 23:02:56.556,9.22403,9.22982,1.00,1.00
2016.12.21 23:02:57.405,9.22403,9.23004,1.00,1.00
2016.12.21 23:02:57.564,9.22403,9.22979,1.00,1.00
2016.12.21 23:02:58.456,9.22403,9.23004,1.00,1.00
2016.12.21 23:02:58.517,9.22403,9.22984,1.00,1.00
2016.12.21 23:02:59.407,9.22403,9.23004,1.00,1.00
2016.12.21 23:02:59.569,9.22403,9.22979,1.00,1.00
2016.12.21 23:03:00.407,9.22403,9.23005,1.00,1.00
2016.12.21 23:03:00.559,9.22403,9.22987,1.00,1.00
2016.12.21 23:03:01.120,9.22414,9.22987,1.00,1.00
2016.12.21 23:03:01.411,9.22414,9.23006,1.00,1.00
2016.12.21 23:03:01.563,9.22414,9.22982,1.00,1.00
2016.12.21 23:03:02.218,9.22417,9.22987,1.00,1.00
2016.12.21 23:03:02.369,9.22423,9.22987,1.00,1.00
2016.12.21 23:03:02.419,9.22423,9.23019,1.00,1.00
2016.12.21 23:03:02.720,9.22434,9.23019,1.00,1.00
2016.12.21 23:03:03.145,9.22434,9.22992,1.00,1.00
2016.12.21 23:03:03.425,9.22434,9.23008,1.00,1.00
2016.12.21 23:03:04.013,9.22443,9.23008,1.00,1.00
2016.12.21 23:03:04.418,9.22453,9.22989,1.00,1.00
2016.12.21 23:03:05.004,9.22453,9.22984,1.00,1.00
2016.12.21 23:03:05.264,9.22453,9.23022,1.00,1.00
2016.12.21 23:03:05.369,9.22443,9.23022,1.00,1.00
2016.12.21 23:03:05.512,9.22443,9.22991,1.00,1.00
2016.12.21 23:03:06.512,9.22443,9.2299,1.00,1.00
2016.12.21 23:03:07.041,9.22433,9.2299,1.00,1.00
2016.12.21 23:03:07.269,9.22443,9.2299,1.00,1.00
2016.12.21 23:03:07.564,9.22453,9.23002,1.00,1.00
2016.12.21 23:03:07.665,9.22473,9.23036,1.00,1.00
2016.12.21 23:03:07.765,9.22446,9.23036,1.00,1.00
2016.12.21 23:03:07.816,9.22446,9.23092,1.00,1.00
2016.12.21 23:03:07.867,9.22444,9.23092,1.00,1.00
2016.12.21 23:03:07.967,9.22468,9.23134,1.00,1.00
2016.12.21 23:03:08.219,9.22468,9.23152,1.00,1.00
2016.12.21 23:03:08.593,9.2247,9.2309,1.00,1.00
2016.12.21 23:03:08.817,9.2247,9.23187,1.00,1.50
2016.12.21 23:03:08.923,9.2247,9.23111,1.00,1.00
2016.12.21 23:03:08.974,9.2247,9.23187,1.00,1.50
2016.12.21 23:03:09.175,9.22463,9.23122,1.00,1.00
2016.12.21 23:03:09.925,9.22473,9.23088,1.00,1.00
2016.12.21 23:03:10.078,9.22473,9.23187,1.00,2.59
2016.12.21 23:03:10.251,9.22473,9.23118,1.00,1.00
2016.12.21 23:03:10.302,9.22473,9.23187,1.00,2.59
2016.12.21 23:03:10.403,9.22473,9.23117,1.00,1.00
2016.12.21 23:03:11.255,9.22474,9.23187,1.00,2.59
2016.12.21 23:03:11.357,9.22474,9.23148,1.00,1.00
2016.12.21 23:03:11.408,9.22474,9.23187,1.00,2.59
2016.12.21 23:03:11.468,9.22474,9.23144,1.00,1.00
2016.12.21 23:03:11.518,9.22474,9.23187,1.00,2.59
2016.12.21 23:03:12.256,9.22476,9.23103,1.00,1.00
2016.12.21 23:03:12.407,9.22477,9.23167,1.00,1.00
2016.12.21 23:03:12.463,9.22473,9.23117,1.00,1.00
2016.12.21 23:03:12.513,9.22474,9.23167,1.00,1.00
2016.12.21 23:03:12.564,9.22474,9.23177,1.00,1.12
2016.12.21 23:03:12.885,9.22474,9.23116,1.00,1.00
2016.12.21 23:03:13.464,9.22454,9.23082,1.00,1.00
2016.12.21 23:03:13.768,9.22446,9.23057,1.00,1.00
2016.12.21 23:03:14.544,9.22453,9.23057,1.50,1.00
2016.12.21 23:03:14.695,9.22457,9.23067,1.00,1.00
2016.12.21 23:03:15.539,9.22474,9.23055,1.00,1.00
2016.12.21 23:03:16.499,9.2247,9.23054,1.00,1.00
2016.12.21 23:03:16.550,9.2248,9.23089,1.00,1.00
2016.12.21 23:03:17.503,9.22483,9.23062,1.00,1.00
2016.12.21 23:03:17.553,9.22482,9.23089,1.00,1.00
2016.12.21 23:03:18.505,9.22483,9.23062,1.00,1.00
2016.12.21 23:03:18.556,9.22483,9.23089,1.00,1.00
2016.12.21 23:03:19.472,9.22489,9.23054,1.00,1.00
2016.12.21 23:03:19.523,9.22467,9.23104,1.00,1.00
2016.12.21 23:03:19.574,9.22457,9.23133,1.00,1.37
2016.12.21 23:03:19.725,9.22465,9.23041,1.00,1.00
2016.12.21 23:03:20.510,9.22444,9.23015,1.00,1.00
2016.12.21 23:03:21.037,9.22443,9.23015,1.00,1.00
2016.12.21 23:03:21.563,9.22443,9.22995,1.50,1.00
2016.12.21 23:03:21.614,9.22453,9.2302,1.00,1.00
2016.12.21 23:03:22.486,9.22461,9.23012,1.00,1.00
2016.12.21 23:03:22.581,9.22453,9.23006,1.50,1.00
2016.12.21 23:03:22.632,9.22453,9.23024,1.00,1.00
2016.12.21 23:03:22.788,9.22457,9.23,1.00,1.00
2016.12.21 23:03:23.584,9.22453,9.23017,1.00,1.00
2016.12.21 23:03:23.697,9.22453,9.22998,1.00,1.00
2016.12.21 23:03:24.636,9.22453,9.23017,1.00,1.00
2016.12.21 23:03:24.691,9.22453,9.22998,1.00,1.00
2016.12.21 23:03:25.256,9.22453,9.2301,1.00,1.00
2016.12.21 23:03:25.694,9.22457,9.22972,1.00,1.00
2016.12.21 23:03:26.641,9.22456,9.23002,1.00,1.00
2016.12.21 23:03:27.301,9.22456,9.22975,1.00,1.00
2016.12.21 23:03:27.594,9.22435,9.22994,1.00,1.00
2016.12.21 23:03:27.695,9.2245,9.22976,1.00,1.00
2016.12.21 23:03:28.085,9.22424,9.22971,1.00,1.00
2016.12.21 23:03:28.698,9.22431,9.22988,1.00,1.00
2016.12.21 23:03:29.627,9.22416,9.22988,1.00,1.00
2016.12.21 23:03:29.706,9.22433,9.2297,1.00,1.00
2016.12.21 23:03:29.756,9.22433,9.22988,1.00,1.00
2016.12.21 23:03:29.807,9.22433,9.22983,1.00,1.00
2016.12.21 23:03:30.108,9.22438,9.22968,1.00,1.00
2016.12.21 23:03:30.708,9.22404,9.22957,1.00,1.00
2016.12.21 23:03:30.813,9.22414,9.22936,1.00,1.00
2016.12.21 23:03:31.148,9.22432,9.22933,1.00,1.00
2016.12.21 23:03:31.819,9.22403,9.22976,1.00,1.00
2016.12.21 23:03:32.077,9.22403,9.22937,1.00,1.00
2016.12.21 23:03:32.401,9.22403,9.22971,1.00,1.00
2016.12.21 23:03:32.553,9.22403,9.23027,1.00,1.00
2016.12.21 23:03:32.857,9.22383,9.23027,1.00,1.00
2016.12.21 23:03:33.160,9.22428,9.22971,1.00,1.00
2016.12.21 23:03:33.538,9.22423,9.2294,1.00,1.00
2016.12.21 23:03:33.639,9.22423,9.22974,1.00,1.00
2016.12.21 23:03:33.690,9.22437,9.22996,1.00,1.00
2016.12.21 23:03:33.741,9.22428,9.22957,1.00,1.00
2016.12.21 23:03:34.062,9.22424,9.23027,1.00,1.00
2016.12.21 23:03:34.163,9.22428,9.23027,1.00,1.00
2016.12.21 23:03:34.560,9.22444,9.22978,1.00,1.00
2016.12.21 23:03:35.241,9.22444,9.22953,1.00,1.00
2016.12.21 23:03:35.342,9.22425,9.22971,1.00,1.00
2016.12.21 23:03:36.171,9.22449,9.23027,1.00,1.00
2016.12.21 23:03:36.235,9.22429,9.22983,1.00,1.00
2016.12.21 23:03:36.647,9.22433,9.22983,1.00,1.00
2016.12.21 23:03:37.177,9.22449,9.22959,1.00,1.00
2016.12.21 23:03:37.227,9.22451,9.22975,1.00,1.00
2016.12.21 23:03:38.208,9.22456,9.22959,1.00,1.00
2016.12.21 23:03:38.347,9.22462,9.22975,1.00,1.00
2016.12.21 23:03:39.315,9.22462,9.22985,1.00,1.00
2016.12.21 23:03:40.079,9.22453,9.22971,1.50,1.00
2016.12.21 23:03:40.388,9.22463,9.22956,1.00,1.00
2016.12.21 23:03:41.059,9.22468,9.23027,1.00,1.00
2016.12.21 23:03:41.211,9.22424,9.23027,1.00,1.00
2016.12.21 23:03:41.313,9.2245,9.23027,1.00,1.00
2016.12.21 23:03:41.719,9.22453,9.22993,1.00,1.00
2016.12.21 23:03:42.023,9.22453,9.22991,1.00,1.00
2016.12.21 23:03:42.073,9.22452,9.23027,1.00,1.00
2016.12.21 23:03:42.410,9.22446,9.22998,1.00,1.00
2016.12.21 23:03:43.110,9.22441,9.23027,1.00,1.00
2016.12.21 23:03:43.390,9.2244,9.23023,1.00,1.00
2016.12.21 23:03:43.440,9.2244,9.23027,1.00,1.00
2016.12.21 23:03:43.548,9.22369,9.23027,1.00,1.00
2016.12.21 23:03:43.598,9.22383,9.23027,1.00,1.00
2016.12.21 23:03:43.925,9.22423,9.22992,1.00,1.00
2016.12.21 23:03:44.180,9.22437,9.23067,1.00,1.00
2016.12.21 23:03:44.670,9.22438,9.22966,1.00,1.00
2016.12.21 23:03:45.309,9.22427,9.23011,1.00,1.00
2016.12.21 23:03:45.410,9.22434,9.23067,1.00,1.37
2016.12.21 23:03:46.396,9.22435,9.23067,1.00,1.37
2016.12.21 23:03:46.496,9.22435,9.23023,1.00,1.00
2016.12.21 23:03:46.614,9.22435,9.23067,1.00,1.37
2016.12.21 23:03:46.830,9.22434,9.23052,1.00,1.00
2016.12.21 23:03:46.880,9.22434,9.23067,1.00,1.37
2016.12.21 23:03:47.502,9.22434,9.23018,1.00,1.00
2016.12.21 23:03:47.830,9.22434,9.23067,1.00,1.37
2016.12.21 23:03:47.934,9.22434,9.23052,1.00,1.00
2016.12.21 23:03:47.985,9.22434,9.23067,1.00,1.37
2016.12.21 23:03:48.045,9.22434,9.23052,1.00,1.00
2016.12.21 23:03:48.096,9.22434,9.23067,1.00,1.37
2016.12.21 23:03:48.155,9.22435,9.23051,1.00,1.00
2016.12.21 23:03:48.505,9.22434,9.23067,1.00,1.37
2016.12.21 23:03:48.831,9.22443,9.23021,1.00,1.00
2016.12.21 23:03:48.983,9.22413,9.23067,1.00,1.37
2016.12.21 23:03:49.084,9.22418,9.23067,1.00,1.00
2016.12.21 23:03:49.506,9.22424,9.2305,1.00,1.00
2016.12.21 23:03:49.966,9.22416,9.23067,1.00,1.00
2016.12.21 23:03:50.076,9.22416,9.23026,1.00,1.00
2016.12.21 23:03:50.154,9.22416,9.23067,1.00,1.00
2016.12.21 23:03:50.318,9.22416,9.22987,1.00,1.00
2016.12.21 23:03:51.074,9.22416,9.23067,1.00,1.00
2016.12.21 23:03:51.204,9.22416,9.23076,1.00,1.12
2016.12.21 23:03:51.287,9.22416,9.23076,1.00,1.37
2016.12.21 23:03:52.076,9.22416,9.22985,1.00,1.00
2016.12.21 23:03:52.296,9.22408,9.23076,1.00,1.37
2016.12.21 23:03:52.398,9.22408,9.23018,1.00,1.00
2016.12.21 23:03:52.449,9.22408,9.23076,1.00,1.37
2016.12.21 23:03:52.509,9.22408,9.23018,1.00,1.00
2016.12.21 23:03:52.852,9.22437,9.23005,1.00,1.00
2016.12.21 23:03:53.302,9.22439,9.23034,1.00,1.00
2016.12.21 23:03:53.563,9.22439,9.23013,1.00,1.00
2016.12.21 23:03:53.882,9.22443,9.23013,1.00,1.00
2016.12.21 23:03:55.491,9.22449,9.23015,1.00,1.00
2016.12.21 23:03:56.114,9.22483,9.23015,1.00,1.00
2016.12.21 23:03:56.769,9.22483,9.23013,1.00,1.00
2016.12.21 23:03:57.337,9.22483,9.23012,1.00,1.00
2016.12.21 23:03:57.748,9.22483,9.23034,1.00,1.00
2016.12.21 23:04:00.376,9.22483,9.23018,1.00,1.00
2016.12.21 23:04:00.994,9.22483,9.23013,1.00,1.00
2016.12.21 23:04:01.381,9.22483,9.23033,1.00,1.00
2016.12.21 23:04:01.927,9.22483,9.23032,1.00,1.00
2016.12.21 23:04:02.568,9.22483,9.23033,1.00,1.00
2016.12.21 23:04:03.525,9.22483,9.23027,1.00,1.00
2016.12.21 23:04:04.094,9.22483,9.23028,1.00,1.00
2016.12.21 23:04:04.950,9.22483,9.23012,1.00,1.00
2016.12.21 23:04:05.001,9.22483,9.23028,1.00,1.00
2016.12.21 23:04:05.955,9.22483,9.23014,1.00,1.00
2016.12.21 23:04:06.314,9.22513,9.22992,1.00,1.00
2016.12.21 23:04:07.179,9.22513,9.23,1.00,1.00
2016.12.21 23:04:07.238,9.22513,9.22985,1.00,1.00
2016.12.21 23:04:07.339,9.22513,9.23,1.00,1.00
2016.12.21 23:04:08.444,9.22513,9.22984,1.00,1.00
2016.12.21 23:04:09.316,9.22513,9.23,1.00,1.00
2016.12.21 23:04:09.449,9.22513,9.22984,1.00,1.00
2016.12.21 23:04:10.296,9.22513,9.23,1.00,1.00
2016.12.21 23:04:10.481,9.22513,9.22985,1.00,1.00
2016.12.21 23:04:11.173,9.22463,9.22975,1.00,1.00
2016.12.21 23:04:11.450,9.22472,9.22942,1.00,1.00
2016.12.21 23:04:12.137,9.22463,9.2296,1.00,1.00
2016.12.21 23:04:12.295,9.22474,9.2294,1.00,1.00
2016.12.21 23:04:12.448,9.22463,9.22934,1.00,1.00
2016.12.21 23:04:12.499,9.22463,9.22953,1.00,1.00
2016.12.21 23:04:12.604,9.22473,9.22942,1.00,1.00
2016.12.21 23:04:13.452,9.22464,9.22962,1.00,1.00
2016.12.21 23:04:13.562,9.22476,9.22949,1.00,1.00
2016.12.21 23:04:13.822,9.22463,9.22963,1.00,1.00
2016.12.21 23:04:14.829,9.22463,9.2296,1.00,1.00
2016.12.21 23:04:15.438,9.22468,9.22945,1.00,1.00
2016.12.21 23:04:15.831,9.22463,9.22963,1.00,1.00
2016.12.21 23:04:15.934,9.22463,9.22949,1.00,1.00
2016.12.21 23:04:16.246,9.2245,9.22936,1.00,1.00
2016.12.21 23:04:16.296,9.22413,9.2292,1.00,1.00
2016.12.21 23:04:17.139,9.22447,9.22929,1.00,1.00
2016.12.21 23:04:18.297,9.22459,9.22915,1.00,1.00
2016.12.21 23:04:19.194,9.22447,9.22929,1.00,1.00
2016.12.21 23:04:19.253,9.22459,9.22915,1.00,1.00
2016.12.21 23:04:20.158,9.22448,9.22931,1.00,1.00
2016.12.21 23:04:20.269,9.22454,9.22911,1.00,1.00
2016.12.21 23:04:21.173,9.22441,9.22925,1.00,1.00
2016.12.21 23:04:21.253,9.22454,9.22911,1.00,1.00
2016.12.21 23:04:22.199,9.22441,9.22925,1.00,1.00
2016.12.21 23:04:22.309,9.22455,9.2291,1.00,1.00
2016.12.21 23:04:23.199,9.22441,9.22925,1.00,1.00
2016.12.21 23:04:23.255,9.22454,9.22911,1.00,1.00
2016.12.21 23:04:24.199,9.22442,9.22924,1.00,1.00
2016.12.21 23:04:24.309,9.22454,9.22911,1.00,1.00
2016.12.21 23:04:25.187,9.22441,9.22925,1.00,1.00
2016.12.21 23:04:25.291,9.22454,9.22911,1.00,1.00
2016.12.21 23:04:26.173,9.22438,9.22923,1.00,1.00
2016.12.21 23:04:26.309,9.2245,9.22908,1.00,1.00
2016.12.21 23:04:27.157,9.22438,9.22923,1.00,1.00
2016.12.21 23:04:27.266,9.2245,9.22908,1.00,1.00
2016.12.21 23:04:28.158,9.22439,9.22924,1.00,1.00
2016.12.21 23:04:28.314,9.22451,9.22909,1.00,1.00
2016.12.21 23:04:29.160,9.22439,9.22924,1.00,1.00
2016.12.21 23:04:29.319,9.22451,9.22909,1.00,1.00
2016.12.21 23:04:30.177,9.22444,9.22926,1.00,1.00
2016.12.21 23:04:30.272,9.22444,9.22929,1.00,1.00
2016.12.21 23:04:31.175,9.22427,9.23017,1.00,1.00
2016.12.21 23:04:31.235,9.22373,9.23005,1.00,1.00
2016.12.21 23:04:31.336,9.22357,9.23017,1.00,1.00
2016.12.21 23:04:31.437,9.22413,9.23047,1.00,1.37
2016.12.21 23:04:31.894,9.22358,9.23043,1.00,1.00
2016.12.21 23:04:31.994,9.22421,9.23021,1.00,1.00
2016.12.21 23:04:32.231,9.22421,9.23047,1.00,1.00
2016.12.21 23:04:32.483,9.22424,9.23047,1.00,1.00
2016.12.21 23:04:32.898,9.22424,9.22978,1.00,1.00
2016.12.21 23:04:33.329,9.22426,9.23047,1.00,1.00
2016.12.21 23:04:33.439,9.22431,9.23007,1.00,1.00
2016.12.21 23:04:33.489,9.22431,9.23047,1.00,1.00
2016.12.21 23:04:33.691,9.22426,9.23007,1.00,1.00
2016.12.21 23:04:34.331,9.22426,9.23047,1.00,1.00
2016.12.21 23:04:34.434,9.22426,9.23013,1.00,1.00
2016.12.21 23:04:34.484,9.22426,9.23047,1.00,1.00
2016.12.21 23:04:35.363,9.2242,9.22982,1.00,1.00
2016.12.21 23:04:35.553,9.22427,9.23047,1.00,1.00
2016.12.21 23:04:35.661,9.22427,9.23,1.00,1.00
2016.12.21 23:04:35.711,9.22427,9.23047,1.00,1.00
2016.12.21 23:04:35.771,9.22427,9.23,1.00,1.00
2016.12.21 23:04:35.822,9.22427,9.23047,1.00,1.00
2016.12.21 23:04:36.363,9.22427,9.23,1.00,1.00
2016.12.21 23:04:36.563,9.22432,9.23047,1.00,1.00
2016.12.21 23:04:36.656,9.22432,9.23004,1.00,1.00
2016.12.21 23:04:36.707,9.22432,9.23047,1.00,1.00
2016.12.21 23:04:36.878,9.22432,9.23004,1.00,1.00
2016.12.21 23:04:37.777,9.22432,9.22978,1.00,1.00
2016.12.21 23:04:37.827,9.22427,9.23047,1.00,1.00
2016.12.21 23:04:37.993,9.22428,9.22999,1.00,1.00
2016.12.21 23:04:38.044,9.22427,9.23047,1.00,1.00
2016.12.21 23:04:38.888,9.22432,9.23005,1.00,1.00
2016.12.21 23:04:38.938,9.22433,9.23047,1.00,1.00
2016.12.21 23:04:38.999,9.22432,9.23003,1.00,1.00
2016.12.21 23:04:39.050,9.22432,9.23047,1.00,1.00
2016.12.21 23:04:39.110,9.22433,9.23002,1.00,1.00
2016.12.21 23:04:39.781,9.22427,9.23047,1.00,1.00
2016.12.21 23:04:39.883,9.22427,9.23003,1.00,1.00
2016.12.21 23:04:39.934,9.22427,9.23047,1.00,1.00
2016.12.21 23:04:39.994,9.22428,9.23002,1.00,1.00
2016.12.21 23:04:40.045,9.22427,9.23047,1.00,1.00
2016.12.21 23:04:40.106,9.22427,9.23003,1.00,1.00
2016.12.21 23:04:40.782,9.22427,9.23047,1.00,1.00
2016.12.21 23:04:40.891,9.22427,9.23003,1.00,1.00
2016.12.21 23:04:40.941,9.22428,9.23047,1.00,1.00
2016.12.21 23:04:41.000,9.22427,9.23003,1.00,1.00
2016.12.21 23:04:41.050,9.22427,9.23047,1.00,1.00
2016.12.21 23:04:41.129,9.22427,9.23003,1.00,1.00
2016.12.21 23:04:41.784,9.22419,9.23047,1.00,1.00
2016.12.21 23:04:42.116,9.22422,9.23016,1.00,1.00
2016.12.21 23:04:42.786,9.22417,9.23047,1.00,1.00
2016.12.21 23:04:42.890,9.22417,9.23001,1.00,1.00
2016.12.21 23:04:42.940,9.22417,9.23047,1.00,1.00
2016.12.21 23:04:43.001,9.22417,9.23001,1.00,1.00
2016.12.21 23:04:43.051,9.22417,9.23047,1.00,1.00
2016.12.21 23:04:43.111,9.22417,9.23001,1.00,1.00
2016.12.21 23:04:43.788,9.22425,9.23047,1.00,1.00
2016.12.21 23:04:43.895,9.22425,9.23001,1.00,1.00
2016.12.21 23:04:43.998,9.22425,9.23047,1.00,1.00
2016.12.21 23:04:44.117,9.22426,9.23,1.00,1.00
2016.12.21 23:04:44.791,9.22425,9.23047,1.00,1.00
2016.12.21 23:04:45.122,9.22425,9.23001,1.00,1.00
2016.12.21 23:04:45.794,9.22425,9.23047,1.00,1.00
2016.12.21 23:04:45.896,9.2242,9.23001,1.00,1.00
2016.12.21 23:04:45.947,9.2242,9.23047,1.00,1.00
2016.12.21 23:04:46.007,9.2242,9.23001,1.00,1.00
2016.12.21 23:04:46.058,9.2242,9.23047,1.00,1.00
2016.12.21 23:04:46.117,9.2242,9.23001,1.00,1.00
2016.12.21 23:04:46.832,9.2242,9.23047,1.00,1.00
2016.12.21 23:04:46.901,9.2242,9.23001,1.00,1.00
2016.12.21 23:04:47.799,9.2242,9.22976,1.00,1.00
2016.12.21 23:04:47.849,9.2242,9.23047,1.00,1.00
2016.12.21 23:04:48.017,9.2242,9.22998,1.00,1.00
2016.12.21 23:04:48.068,9.2242,9.23047,1.00,1.00
2016.12.21 23:04:48.799,9.2242,9.22998,1.00,1.00
2016.12.21 23:04:48.850,9.22426,9.23047,1.00,1.00
2016.12.21 23:04:48.912,9.22425,9.23003,1.00,1.00
2016.12.21 23:04:48.963,9.22425,9.23047,1.00,1.00
2016.12.21 23:04:49.133,9.22425,9.23003,1.00,1.00
2016.12.21 23:04:50.025,9.22425,9.22976,1.00,1.00
2016.12.21 23:04:50.075,9.2242,9.23047,1.00,1.00
2016.12.21 23:04:50.129,9.22421,9.22997,1.00,1.00
2016.12.21 23:04:50.180,9.2242,9.23047,1.00,1.00
2016.12.21 23:04:50.763,9.22421,9.23047,1.00,1.00
2016.12.21 23:04:51.176,9.22431,9.23047,1.00,1.00
2016.12.21 23:04:51.396,9.22421,9.23047,1.00,1.00
2016.12.21 23:04:52.132,9.22418,9.22978,1.00,1.00
2016.12.21 23:04:52.249,9.2242,9.23047,1.00,1.00
2016.12.21 23:04:52.462,9.2242,9.23,1.00,1.00
2016.12.21 23:04:52.512,9.2242,9.23047,1.00,1.00
2016.12.21 23:04:53.136,9.2242,9.23,1.00,1.00
2016.12.21 23:04:53.250,9.2242,9.23047,1.00,1.00
2016.12.21 23:04:53.356,9.2242,9.23005,1.00,1.00
2016.12.21 23:04:53.407,9.2242,9.23047,1.00,1.00
2016.12.21 23:04:53.577,9.2242,9.23003,1.00,1.00
2016.12.21 23:04:54.252,9.22421,9.23047,1.00,1.00
2016.12.21 23:04:54.405,9.22427,9.23047,1.00,1.00
2016.12.21 23:04:55.013,9.22427,9.23009,1.00,1.00
2016.12.21 23:04:55.254,9.22427,9.23047,1.00,1.00
2016.12.21 23:04:55.406,9.22435,9.23047,1.00,1.00
2016.12.21 23:04:55.763,9.22414,9.22991,1.00,1.00
2016.12.21 23:04:56.166,9.22453,9.22991,1.00,1.00
2016.12.21 23:04:56.413,9.22453,9.23016,1.00,1.00
2016.12.21 23:04:56.586,9.22453,9.22991,1.00,1.00
2016.12.21 23:04:57.059,9.22435,9.22991,1.00,1.00
2016.12.21 23:04:57.110,9.2243,9.23047,1.00,1.00
2016.12.21 23:04:57.613,9.22432,9.2301,1.00,1.00
2016.12.21 23:04:58.083,9.22432,9.23047,1.00,1.00
2016.12.21 23:04:58.193,9.22432,9.23007,1.00,1.00
2016.12.21 23:04:58.243,9.22432,9.23047,1.00,1.00
2016.12.21 23:04:58.344,9.22432,9.23007,1.00,1.00
2016.12.21 23:04:58.395,9.22433,9.23047,1.00,1.00
2016.12.21 23:04:58.474,9.22432,9.23007,1.00,1.00
2016.12.21 23:04:59.075,9.22437,9.23047,1.00,1.00
2016.12.21 23:04:59.226,9.2244,9.23047,1.00,1.00
2016.12.21 23:04:59.575,9.22453,9.23047,1.00,1.00
2016.12.21 23:04:59.626,9.22443,9.23047,1.00,1.00
2016.12.21 23:04:59.714,9.22453,9.23047,1.00,1.00
2016.12.21 23:05:00.078,9.22473,9.22976,1.00,1.00
2016.12.21 23:05:00.137,9.22463,9.22976,1.00,1.00
2016.12.21 23:05:00.356,9.22473,9.22976,1.00,1.00
2016.12.21 23:05:00.561,9.2246,9.22976,1.00,1.00
2016.12.21 23:05:01.100,9.22458,9.23047,1.00,1.00
2016.12.21 23:05:01.365,9.22456,9.23047,1.00,1.00
2016.12.21 23:05:02.080,9.22464,9.23,1.00,1.00
2016.12.21 23:05:02.158,9.22464,9.23047,1.00,1.00
2016.12.21 23:05:02.209,9.22464,9.23,1.00,1.00
2016.12.21 23:05:02.314,9.22464,9.23047,1.00,1.00
2016.12.21 23:05:02.415,9.22459,9.23047,1.00,1.00
2016.12.21 23:05:02.507,9.22459,9.23012,1.00,1.00
2016.12.21 23:05:03.305,9.22464,9.2298,1.00,1.00
2016.12.21 23:05:03.406,9.22466,9.23047,1.00,1.00
2016.12.21 23:05:03.502,9.22466,9.23,1.00,1.00
2016.12.21 23:05:03.553,9.22466,9.23047,1.00,1.00
2016.12.21 23:05:03.612,9.22466,9.23,1.00,1.00
2016.12.21 23:05:03.663,9.22466,9.23047,1.00,1.00
2016.12.21 23:05:04.314,9.22483,9.23005,1.00,1.00
2016.12.21 23:05:04.377,9.22488,9.23047,1.00,1.00
2016.12.21 23:05:04.428,9.22488,9.23096,1.00,1.00
2016.12.21 23:05:04.579,9.2249,9.23097,1.00,1.12
2016.12.21 23:05:04.679,9.22465,9.23097,1.00,1.12
2016.12.21 23:05:04.780,9.22473,9.23097,1.00,1.12
2016.12.21 23:05:05.121,9.22483,9.23097,1.00,1.00
2016.12.21 23:05:05.188,9.22474,9.23097,1.00,1.00
2016.12.21 23:05:05.365,9.22486,9.23002,1.00,1.00
2016.12.21 23:05:06.321,9.22484,9.22999,1.00,1.00
2016.12.21 23:05:06.876,9.22503,9.22999,1.00,1.00
2016.12.21 23:05:07.126,9.22503,9.23016,1.00,1.00
2016.12.21 23:05:07.218,9.22503,9.22998,1.00,1.00
2016.12.21 23:05:08.217,9.22503,9.23016,1.00,1.00
2016.12.21 23:05:09.629,9.22503,9.23014,1.00,1.00
2016.12.21 23:05:10.327,9.22503,9.23016,1.00,1.00
2016.12.21 23:05:11.329,9.22505,9.23016,1.00,1.00
2016.12.21 23:05:11.731,9.2251,9.22995,1.00,1.00
2016.12.21 23:05:12.380,9.22511,9.23015,1.00,1.00
2016.12.21 23:05:12.765,9.22504,9.23015,1.00,1.00
2016.12.21 23:05:13.722,9.22511,9.2302,1.00,1.00
2016.12.21 23:05:14.086,9.22519,9.23025,1.00,1.00
2016.12.21 23:05:14.769,9.22535,9.23016,1.00,1.00
2016.12.21 23:05:15.040,9.22528,9.23032,1.00,1.00
2016.12.21 23:05:15.728,9.22536,9.23016,1.00,1.00
2016.12.21 23:05:16.092,9.22528,9.23032,1.00,1.00
2016.12.21 23:05:16.775,9.22536,9.23016,1.00,1.00
2016.12.21 23:05:17.042,9.22533,9.23023,1.00,1.00
2016.12.21 23:05:18.256,9.22533,9.23008,1.00,1.00
2016.12.21 23:05:18.306,9.22533,9.23023,1.00,1.00
2016.12.21 23:05:19.307,9.22533,9.23026,1.00,1.00
2016.12.21 23:05:19.492,9.22555,9.23023,1.00,1.00
2016.12.21 23:05:19.594,9.22543,9.23133,1.00,1.00
2016.12.21 23:05:19.810,9.22543,9.23037,1.00,1.00
2016.12.21 23:05:20.580,9.22545,9.23022,1.00,1.00
2016.12.21 23:05:21.581,9.22543,9.23018,1.50,1.00
2016.12.21 23:05:21.632,9.22543,9.23097,1.00,1.00
2016.12.21 23:05:21.690,9.22543,9.23042,1.50,1.00
2016.12.21 23:05:21.781,9.22543,9.23097,1.50,1.00
2016.12.21 23:05:21.880,9.22545,9.23097,1.00,1.00
2016.12.21 23:05:22.243,9.22546,9.2305,1.00,1.00
2016.12.21 23:05:22.811,9.22536,9.23039,1.00,1.00
2016.12.21 23:05:23.268,9.22546,9.23019,1.00,1.00
2016.12.21 23:05:23.810,9.22552,9.23122,1.00,1.00
2016.12.21 23:05:24.060,9.22543,9.23042,1.00,1.00
2016.12.21 23:05:24.913,9.22553,9.23025,1.00,1.00
2016.12.21 23:05:25.015,9.22556,9.23044,1.00,1.00
2016.12.21 23:05:26.018,9.22559,9.23028,1.00,1.00
2016.12.21 23:05:26.069,9.22549,9.23044,1.00,1.00
2016.12.21 23:05:26.616,9.22563,9.23051,1.00,1.00
2016.12.21 23:05:26.868,9.22554,9.23122,1.00,1.00
2016.12.21 23:05:27.143,9.22567,9.23122,1.00,1.00
2016.12.21 23:05:27.446,9.22533,9.23046,1.00,1.00
2016.12.21 23:05:27.835,9.22533,9.2301,1.00,1.00
2016.12.21 23:05:28.384,9.22537,9.2303,1.00,1.00
2016.12.21 23:05:31.190,9.22531,9.2303,1.00,1.00
2016.12.21 23:05:32.193,9.2254,9.23014,1.00,1.00
2016.12.21 23:05:32.243,9.22531,9.2303,1.00,1.00
2016.12.21 23:05:33.195,9.2254,9.23014,1.00,1.00
2016.12.21 23:05:33.245,9.22531,9.2303,1.00,1.00
2016.12.21 23:05:34.196,9.2254,9.23014,1.00,1.00
2016.12.21 23:05:34.247,9.22531,9.2303,1.00,1.00
2016.12.21 23:05:34.361,9.22553,9.2303,1.00,1.00
2016.12.21 23:05:35.326,9.22536,9.23019,1.00,1.00
2016.12.21 23:05:35.433,9.2255,9.23006,1.00,1.00
2016.12.21 23:05:35.484,9.22523,9.23006,1.00,1.00
2016.12.21 23:05:35.585,9.22549,9.23001,1.00,1.00
2016.12.21 23:05:36.492,9.22541,9.23014,1.00,1.00
2016.12.21 23:05:36.550,9.22557,9.23,1.00,1.00
2016.12.21 23:05:37.550,9.22561,9.23014,1.00,1.00
2016.12.21 23:05:37.656,9.22557,9.23,1.00,1.00
2016.12.21 23:05:38.659,9.22561,9.23014,1.00,1.00
2016.12.21 23:05:38.761,9.22557,9.23,1.00,1.00
2016.12.21 23:05:39.765,9.22541,9.23014,1.00,1.00
2016.12.21 23:05:39.868,9.22557,9.23,1.00,1.00
2016.12.21 23:05:39.918,9.22541,9.23014,1.00,1.00
2016.12.21 23:05:40.011,9.22561,9.23014,1.00,1.00
2016.12.21 23:05:40.869,9.22541,9.23014,1.00,1.00
2016.12.21 23:05:41.099,9.22561,9.22997,1.00,1.00
2016.12.21 23:05:41.984,9.22541,9.23014,1.00,1.00
2016.12.21 23:05:42.079,9.22557,9.23,1.00,1.00
2016.12.21 23:05:42.130,9.22541,9.23014,1.00,1.00
2016.12.21 23:05:42.189,9.22561,9.23014,1.00,1.00
2016.12.21 23:05:43.083,9.22541,9.23014,1.00,1.00
2016.12.21 23:05:43.185,9.22557,9.23,1.00,1.00
2016.12.21 23:05:43.235,9.22541,9.23014,1.00,1.00
2016.12.21 23:05:43.295,9.22561,9.23014,1.00,1.00
2016.12.21 23:05:44.012,9.22533,9.22997,1.00,1.00
2016.12.21 23:05:44.062,9.22549,9.22997,1.00,1.00
2016.12.21 23:05:44.364,9.22568,9.23014,1.00,1.00
2016.12.21 23:05:45.186,9.22536,9.23,1.00,1.00
2016.12.21 23:05:45.237,9.22552,9.23014,1.00,1.00
2016.12.21 23:05:45.637,9.22573,9.23017,1.00,1.00
2016.12.21 23:05:49.452,9.22579,9.23002,1.00,1.00
2016.12.21 23:05:49.503,9.22572,9.23017,1.00,1.00
2016.12.21 23:05:50.453,9.22574,9.23017,1.00,1.00
2016.12.21 23:05:50.503,9.22572,9.23017,1.00,1.00
2016.12.21 23:05:50.564,9.22574,9.23017,1.00,1.00
2016.12.21 23:05:50.615,9.22572,9.23017,1.00,1.00
2016.12.21 23:05:51.454,9.22574,9.23017,1.00,1.00
2016.12.21 23:05:51.514,9.22572,9.23017,1.00,1.00
2016.12.21 23:05:51.566,9.22574,9.23017,1.00,1.00
2016.12.21 23:05:51.617,9.22572,9.23017,1.00,1.00
2016.12.21 23:05:52.457,9.22574,9.23017,1.00,1.00
2016.12.21 23:05:52.507,9.22572,9.23017,1.00,1.00
2016.12.21 23:05:52.676,9.22574,9.23017,1.00,1.00
2016.12.21 23:05:53.485,9.22572,9.23016,1.00,1.00
2016.12.21 23:05:53.571,9.22574,9.23017,1.00,1.00
2016.12.21 23:05:53.621,9.22572,9.23017,1.00,1.00
2016.12.21 23:05:53.682,9.22574,9.23017,1.00,1.00
2016.12.21 23:05:53.983,9.22528,9.23,1.00,1.00
2016.12.21 23:05:54.614,9.22539,9.23007,1.00,1.00
2016.12.21 23:05:54.941,9.22543,9.22986,1.00,1.00
2016.12.21 23:05:55.623,9.22543,9.23007,1.00,1.00
2016.12.21 23:05:55.724,9.22528,9.22988,1.00,1.00
2016.12.21 23:05:56.130,9.22534,9.22984,1.00,1.00
2016.12.21 23:05:56.577,9.22528,9.23003,1.00,1.00
2016.12.21 23:05:56.687,9.22537,9.22983,1.00,1.00
2016.12.21 23:05:57.578,9.22536,9.23005,1.00,1.00
2016.12.21 23:06:00.503,9.22533,9.22993,1.00,1.00
2016.12.21 23:06:01.455,9.22537,9.23,1.00,1.00
2016.12.21 23:06:02.314,9.22528,9.23028,1.00,1.00
2016.12.21 23:06:02.565,9.22528,9.22996,1.00,1.00
2016.12.21 23:06:03.302,9.22541,9.22998,1.00,1.00
2016.12.21 23:06:03.352,9.22535,9.23025,1.00,1.00
2016.12.21 23:06:03.568,9.22543,9.22999,1.00,1.00
2016.12.21 23:06:04.377,9.22543,9.23025,1.00,1.00
2016.12.21 23:06:04.977,9.22528,9.23014,1.00,1.00
2016.12.21 23:06:05.028,9.2253,9.23031,1.00,1.00
2016.12.21 23:06:05.981,9.22531,9.2304,1.00,1.00
2016.12.21 23:06:06.137,9.22538,9.2302,1.00,1.00
2016.12.21 23:06:06.984,9.22532,9.23039,1.00,1.00
2016.12.21 23:06:07.099,9.22537,9.23021,1.00,1.00
2016.12.21 23:06:07.984,9.22532,9.23039,1.00,1.00
2016.12.21 23:06:08.138,9.22537,9.23021,1.00,1.00
2016.12.21 23:06:09.037,9.22532,9.23039,1.00,1.00
2016.12.21 23:06:09.143,9.22537,9.23021,1.00,1.00
2016.12.21 23:06:09.708,9.22528,9.23018,1.00,1.00
2016.12.21 23:06:09.759,9.22529,9.23035,1.00,1.00
2016.12.21 23:06:10.736,9.22534,9.23033,1.00,1.00
2016.12.21 23:06:11.048,9.22528,9.23073,1.00,1.00
2016.12.21 23:06:11.149,9.22534,9.23032,1.00,1.00
2016.12.21 23:06:11.301,9.22575,9.23109,1.00,1.00
2016.12.21 23:06:12.161,9.22577,9.23078,1.00,1.00
2016.12.21 23:06:13.026,9.22582,9.23104,1.00,1.00
2016.12.21 23:06:13.164,9.22582,9.23081,1.00,1.00
2016.12.21 23:06:14.027,9.22582,9.23104,1.00,1.00
2016.12.21 23:06:14.183,9.22582,9.23081,1.00,1.00
2016.12.21 23:06:15.078,9.22582,9.23104,1.00,1.00
2016.12.21 23:06:15.188,9.22583,9.2308,1.00,1.00
2016.12.21 23:06:16.032,9.22582,9.23104,1.00,1.00
2016.12.21 23:06:16.175,9.22583,9.2308,1.00,1.00
2016.12.21 23:06:17.032,9.22575,9.231,1.00,1.00
2016.12.21 23:06:17.143,9.22575,9.23076,1.00,1.00
2016.12.21 23:06:18.034,9.22575,9.23098,1.00,1.00
2016.12.21 23:06:18.145,9.22575,9.23075,1.00,1.00
2016.12.21 23:06:19.037,9.22575,9.23098,1.00,1.00
2016.12.21 23:06:19.148,9.22575,9.23075,1.00,1.00
2016.12.21 23:06:20.039,9.22575,9.23098,1.00,1.00
2016.12.21 23:06:20.149,9.22575,9.23075,1.00,1.00
2016.12.21 23:06:20.758,9.22575,9.23076,1.00,1.00
2016.12.21 23:06:21.071,9.22575,9.2307,1.00,1.00
2016.12.21 23:06:21.122,9.22575,9.23099,1.00,1.00
2016.12.21 23:06:21.472,9.22575,9.23069,1.00,1.00
2016.12.21 23:06:22.039,9.22575,9.23068,1.00,1.00
2016.12.21 23:06:22.090,9.22576,9.23103,1.00,1.00
2016.12.21 23:06:23.084,9.22575,9.23144,1.00,1.00
2016.12.21 23:06:23.137,9.22627,9.23151,1.00,1.00
2016.12.21 23:06:24.124,9.22632,9.23177,1.00,1.00
2016.12.21 23:06:24.185,9.22631,9.23154,1.00,1.00
2016.12.21 23:06:25.127,9.22634,9.23188,1.00,1.00
2016.12.21 23:06:25.186,9.22634,9.23164,1.00,1.00
2016.12.21 23:06:26.188,9.22635,9.23156,1.00,1.00
2016.12.21 23:06:27.081,9.22636,9.23179,1.00,1.00
2016.12.21 23:06:27.223,9.22635,9.23156,1.00,1.00
2016.12.21 23:06:28.083,9.22636,9.23178,1.00,1.00
2016.12.21 23:06:28.192,9.22636,9.23155,1.00,1.00
2016.12.21 23:06:29.043,9.22625,9.23134,1.00,1.00
2016.12.21 23:06:29.094,9.22623,9.23183,1.00,1.00
2016.12.21 23:06:29.195,9.22628,9.23152,1.00,1.00
2016.12.21 23:06:29.364,9.22634,9.23178,1.00,1.00
2016.12.21 23:06:30.212,9.22631,9.2315,1.00,1.00
2016.12.21 23:06:30.354,9.22637,9.23188,1.00,1.00
2016.12.21 23:06:30.458,9.22637,9.23158,1.00,1.00
2016.12.21 23:06:31.357,9.22637,9.23188,1.00,1.00
2016.12.21 23:06:31.463,9.22637,9.23164,1.00,1.00
2016.12.21 23:06:32.359,9.22637,9.23188,1.00,1.00
2016.12.21 23:06:32.494,9.22637,9.23164,1.00,1.00
2016.12.21 23:06:33.170,9.22652,9.23174,1.00,1.00
2016.12.21 23:06:33.271,9.22621,9.23207,1.00,1.00
2016.12.21 23:06:33.464,9.22649,9.23164,1.00,1.00
2016.12.21 23:06:34.209,9.22625,9.2321,1.00,1.00
2016.12.21 23:06:34.260,9.22649,9.23193,1.00,1.00
2016.12.21 23:06:35.171,9.22649,9.23171,1.00,1.00
2016.12.21 23:06:35.271,9.22649,9.23193,1.00,1.00
2016.12.21 23:06:35.655,9.22644,9.23169,1.00,1.00
2016.12.21 23:06:36.183,9.22651,9.23196,1.00,1.00
2016.12.21 23:06:36.656,9.22651,9.23175,1.00,1.00
2016.12.21 23:06:37.023,9.2265,9.2317,1.00,1.00
2016.12.21 23:06:38.064,9.22649,9.23191,1.00,1.00
2016.12.21 23:06:38.135,9.22649,9.23169,1.00,1.00
2016.12.21 23:06:38.335,9.22625,9.23164,1.00,1.00
2016.12.21 23:06:38.386,9.22647,9.23164,1.00,1.00
2016.12.21 23:06:39.337,9.22645,9.23157,1.00,1.00
2016.12.21 23:06:39.387,9.22649,9.23187,1.00,1.00
2016.12.21 23:06:40.338,9.22649,9.23163,1.00,1.00
2016.12.21 23:06:40.389,9.22649,9.23187,1.00,1.00
2016.12.21 23:06:40.580,9.22642,9.23163,1.00,1.00
2016.12.21 23:06:41.589,9.22633,9.2318,1.00,1.00
2016.12.21 23:06:42.444,9.22611,9.23126,1.00,1.00
2016.12.21 23:06:42.545,9.22606,9.23158,1.00,1.00
2016.12.21 23:06:43.377,9.22637,9.23158,1.00,1.00
2016.12.21 23:06:43.428,9.22625,9.23164,1.00,1.00
2016.12.21 23:06:44.144,9.22626,9.23154,1.00,1.00
2016.12.21 23:06:45.142,9.2263,9.23147,1.00,1.00
2016.12.21 23:06:45.193,9.22631,9.23178,1.00,1.00
2016.12.21 23:06:46.183,9.22635,9.23177,1.00,1.00
2016.12.21 23:06:47.147,9.22634,9.23154,1.00,1.00
2016.12.21 23:06:47.198,9.2263,9.23177,1.00,1.00
2016.12.21 23:06:47.308,9.2263,9.23148,1.00,1.00
2016.12.21 23:06:48.152,9.22634,9.23182,1.00,1.00
2016.12.21 23:06:48.303,9.22634,9.2316,1.00,1.00
2016.12.21 23:06:49.203,9.22634,9.23182,1.00,1.00
2016.12.21 23:06:49.308,9.22634,9.2316,1.00,1.00
2016.12.21 23:06:50.155,9.22641,9.23182,1.00,1.00
2016.12.21 23:06:50.313,9.22641,9.2316,1.00,1.00
2016.12.21 23:06:51.183,9.22641,9.23182,1.00,1.00
2016.12.21 23:06:51.308,9.22644,9.23159,1.00,1.00
2016.12.21 23:06:52.208,9.22643,9.23182,1.00,1.00
2016.12.21 23:06:52.264,9.22643,9.2316,1.00,1.00
2016.12.21 23:06:52.653,9.22622,9.23139,1.00,1.00
2016.12.21 23:06:53.015,9.22615,9.23123,1.00,1.00
2016.12.21 23:06:53.268,9.22615,9.23145,1.00,1.00
2016.12.21 23:06:53.470,9.22615,9.2311,1.00,1.00
2016.12.21 23:06:53.521,9.22584,9.2311,1.00,1.00
2016.12.21 23:06:54.272,9.22592,9.2314,1.00,1.00
2016.12.21 23:06:54.467,9.22592,9.23117,1.00,1.00
2016.12.21 23:06:55.166,9.22597,9.23145,1.00,1.00
2016.12.21 23:06:55.267,9.22615,9.23145,1.00,1.00
2016.12.21 23:06:55.786,9.22615,9.23123,1.00,1.00
2016.12.21 23:06:56.183,9.22615,9.23145,1.00,1.00
2016.12.21 23:06:56.498,9.22615,9.23123,1.00,1.00
2016.12.21 23:06:56.599,9.22615,9.23145,1.00,1.00
2016.12.21 23:06:57.451,9.22615,9.23106,1.00,1.00
2016.12.21 23:06:57.603,9.22615,9.23121,1.00,1.00
2016.12.21 23:06:57.694,9.22615,9.23083,1.00,1.00
2016.12.21 23:06:58.338,9.22615,9.23162,1.00,1.00
2016.12.21 23:06:58.590,9.22615,9.2314,1.00,1.00
2016.12.21 23:06:59.376,9.22626,9.23167,1.00,1.00
2016.12.21 23:06:59.588,9.22626,9.23144,1.00,1.00
2016.12.21 23:07:00.329,9.22626,9.23167,1.00,1.00
2016.12.21 23:07:00.599,9.22626,9.23144,1.00,1.00
2016.12.21 23:07:00.960,9.22615,9.23138,1.00,1.00
2016.12.21 23:07:01.370,9.22615,9.23127,1.00,1.00
2016.12.21 23:07:01.778,9.22615,9.23125,1.00,1.00
2016.12.21 23:07:02.161,9.22615,9.23127,1.00,1.00
2016.12.21 23:07:02.973,9.22615,9.23155,1.00,1.00
2016.12.21 23:07:03.333,9.22615,9.23133,1.00,1.00
2016.12.21 23:07:03.991,9.22615,9.23154,1.00,1.00
2016.12.21 23:07:04.335,9.22615,9.23133,1.00,1.00
2016.12.21 23:07:04.946,9.22615,9.23155,1.00,1.00
2016.12.21 23:07:05.187,9.22621,9.23175,1.00,1.00
2016.12.21 23:07:06.184,9.22629,9.2315,1.00,1.00
2016.12.21 23:07:06.311,9.22634,9.23184,1.00,1.00
2016.12.21 23:07:07.157,9.22634,9.23161,1.00,1.00
2016.12.21 23:07:07.313,9.22634,9.23184,1.00,1.00
2016.12.21 23:07:08.160,9.22634,9.23161,1.00,1.00
2016.12.21 23:07:08.315,9.22639,9.23189,1.00,1.00
2016.12.21 23:07:09.162,9.22639,9.23167,1.00,1.00
2016.12.21 23:07:09.317,9.22641,9.23189,1.00,1.00
2016.12.21 23:07:10.166,9.22641,9.23167,1.00,1.00
2016.12.21 23:07:10.320,9.22641,9.23189,1.00,1.00
2016.12.21 23:07:11.183,9.22641,9.23167,1.00,1.00
2016.12.21 23:07:11.372,9.22641,9.23189,1.00,1.00
2016.12.21 23:07:12.172,9.22641,9.23167,1.00,1.00
2016.12.21 23:07:12.372,9.22641,9.23189,1.00,1.00
2016.12.21 23:07:12.776,9.22643,9.23189,1.00,1.00
2016.12.21 23:07:13.233,9.22643,9.23169,1.00,1.00
2016.12.21 23:07:13.349,9.22643,9.23191,1.00,1.00
2016.12.21 23:07:13.892,9.22643,9.23168,1.00,1.00
2016.12.21 23:07:14.277,9.22643,9.23156,1.00,1.00
2016.12.21 23:07:14.893,9.22643,9.23186,1.00,1.00
2016.12.21 23:07:15.923,9.22643,9.2319,1.00,1.00
2016.12.21 23:07:16.002,9.22643,9.23169,1.00,1.00
2016.12.21 23:07:16.895,9.22643,9.23191,1.00,1.00
2016.12.21 23:07:17.046,9.22643,9.23168,1.00,1.00
2016.12.21 23:07:17.900,9.22643,9.23191,1.00,1.00
2016.12.21 23:07:18.056,9.22643,9.23168,1.00,1.00
2016.12.21 23:07:18.904,9.22643,9.23191,1.00,1.00
2016.12.21 23:07:19.008,9.22643,9.23168,1.00,1.00
2016.12.21 23:07:19.244,9.2265,9.23214,1.00,1.00
2016.12.21 23:07:19.868,9.22663,9.23198,1.00,1.00
2016.12.21 23:07:20.218,9.2267,9.23171,1.00,1.00
2016.12.21 23:07:20.879,9.2267,9.23195,1.00,1.00
2016.12.21 23:07:20.991,9.22656,9.23171,1.00,1.00
2016.12.21 23:07:21.296,9.22639,9.23164,1.00,1.00
2016.12.21 23:07:22.838,9.22639,9.23188,1.00,1.00
2016.12.21 23:07:22.939,9.22639,9.23164,1.00,1.00
2016.12.21 23:07:23.899,9.22635,9.23188,1.00,1.00
2016.12.21 23:07:24.000,9.22639,9.23164,1.00,1.00
2016.12.21 23:07:24.565,9.22639,9.23193,1.00,1.00
2016.12.21 23:07:25.624,9.22639,9.2317,1.00,1.00
2016.12.21 23:07:26.521,9.22639,9.23193,1.00,1.00
2016.12.21 23:07:26.629,9.22639,9.23171,1.00,1.00
2016.12.21 23:07:27.572,9.22643,9.23192,1.00,1.00
2016.12.21 23:07:27.676,9.22642,9.23171,1.00,1.00
2016.12.21 23:07:28.682,9.22641,9.23167,1.00,1.00
2016.12.21 23:07:29.556,9.22641,9.23189,1.00,1.00
2016.12.21 23:07:29.635,9.22642,9.23166,1.00,1.00
2016.12.21 23:07:30.535,9.22642,9.23188,1.00,1.00
2016.12.21 23:07:30.682,9.22641,9.23167,1.00,1.00
2016.12.21 23:07:31.535,9.22641,9.23189,1.00,1.00
2016.12.21 23:07:31.687,9.22641,9.23167,1.00,1.00
2016.12.21 23:07:32.529,9.22641,9.23189,1.00,1.00
2016.12.21 23:07:32.682,9.22641,9.23167,1.00,1.00
2016.12.21 23:07:32.870,9.22626,9.23156,1.00,1.00
2016.12.21 23:07:32.920,9.22611,9.2313,1.00,1.00
2016.12.21 23:07:33.879,9.22603,9.2312,1.00,1.00
2016.12.21 23:07:34.533,9.22606,9.23149,1.00,1.00
2016.12.21 23:07:34.851,9.22606,9.23127,1.00,1.00
2016.12.21 23:07:35.546,9.22606,9.23149,1.00,1.00
2016.12.21 23:07:35.896,9.22603,9.23125,1.00,1.00
2016.12.21 23:07:36.537,9.22604,9.23147,1.00,1.00
2016.12.21 23:07:36.882,9.22604,9.23125,1.00,1.00
2016.12.21 23:07:37.551,9.22604,9.23147,1.00,1.00
2016.12.21 23:07:37.901,9.22604,9.23119,1.00,1.00
2016.12.21 23:07:38.541,9.22604,9.23142,1.00,1.00
2016.12.21 23:07:38.646,9.22602,9.23142,1.00,1.00
2016.12.21 23:07:38.862,9.22602,9.2312,1.00,1.00
2016.12.21 23:07:39.542,9.22602,9.23142,1.00,1.00
2016.12.21 23:07:39.863,9.22602,9.2312,1.00,1.00
2016.12.21 23:07:40.555,9.22602,9.23142,1.00,1.00
2016.12.21 23:07:40.865,9.22602,9.2312,1.00,1.00
2016.12.21 23:07:41.588,9.22609,9.23142,1.00,1.00
2016.12.21 23:07:41.868,9.22609,9.2312,1.00,1.00
2016.12.21 23:07:42.550,9.22609,9.23142,1.00,1.00
2016.12.21 23:07:43.358,9.226,9.23145,1.00,1.00
2016.12.21 23:07:45.312,9.22602,9.23145,1.00,1.00
2016.12.21 23:07:45.637,9.22583,9.23087,1.00,1.00
2016.12.21 23:07:46.119,9.22589,9.23127,1.00,1.00
2016.12.21 23:07:46.506,9.22604,9.23123,1.00,1.00
2016.12.21 23:07:47.317,9.22604,9.23145,1.00,1.00
2016.12.21 23:07:47.619,9.22591,9.23128,1.00,1.00
2016.12.21 23:07:48.016,9.22593,9.23128,1.00,1.00
2016.12.21 23:07:48.319,9.22606,9.2315,1.00,1.00
2016.12.21 23:07:48.427,9.22593,9.2315,1.00,1.00
2016.12.21 23:07:48.538,9.22606,9.23129,1.00,1.00
2016.12.21 23:07:48.648,9.22593,9.2315,1.50,1.00
2016.12.21 23:07:49.318,9.22606,9.23124,1.00,1.00
2016.12.21 23:07:50.321,9.22606,9.2315,1.00,1.00
2016.12.21 23:07:50.428,9.22606,9.23123,1.00,1.00
2016.12.21 23:07:51.323,9.22593,9.23149,1.50,1.00
2016.12.21 23:07:51.374,9.22607,9.23149,1.00,1.00
2016.12.21 23:07:51.433,9.22593,9.2315,1.50,1.00
2016.12.21 23:07:51.594,9.22606,9.23124,1.00,1.00
2016.12.21 23:07:52.428,9.22593,9.2315,1.50,1.00
2016.12.21 23:07:52.479,9.22606,9.23129,1.00,1.00
2016.12.21 23:07:52.589,9.22593,9.2315,1.50,1.00
2016.12.21 23:07:52.649,9.22606,9.23129,1.00,1.00
2016.12.21 23:07:52.985,9.22593,9.23099,1.50,1.00
2016.12.21 23:07:53.314,9.22613,9.23099,1.00,1.00
2016.12.21 23:07:53.433,9.22613,9.23108,1.00,1.00
2016.12.21 23:07:53.543,9.22613,9.23098,1.00,1.00
2016.12.21 23:07:53.636,9.22593,9.23098,2.25,1.00
2016.12.21 23:07:53.834,9.22603,9.23098,1.00,1.00
2016.12.21 23:07:54.444,9.22603,9.23096,1.00,1.00
2016.12.21 23:07:55.481,9.22603,9.23094,1.00,1.00
2016.12.21 23:07:55.532,9.22593,9.23202,1.00,1.00
2016.12.21 23:07:55.603,9.22561,9.23202,1.00,1.00
2016.12.21 23:07:55.654,9.22534,9.23105,1.00,1.00
2016.12.21 23:07:56.003,9.22573,9.23105,1.00,1.00
2016.12.21 23:07:56.564,9.22573,9.23089,1.00,1.00
2016.12.21 23:07:57.517,9.22573,9.23083,1.00,1.00
2016.12.21 23:07:57.589,9.22573,9.23109,1.00,1.00
2016.12.21 23:07:57.829,9.2257,9.23166,1.00,1.00
2016.12.21 23:07:58.515,9.22573,9.23166,1.00,1.00
2016.12.21 23:07:59.056,9.22583,9.2312,1.00,1.00
2016.12.21 23:07:59.423,9.22593,9.2312,1.00,1.00
2016.12.21 23:08:00.357,9.22593,9.23119,1.00,1.00
2016.12.21 23:08:04.722,9.22594,9.23119,1.00,1.00
2016.12.21 23:08:05.884,9.22594,9.23121,1.00,1.00
2016.12.21 23:08:12.848,9.22601,9.23125,1.00,1.00
2016.12.21 23:08:13.379,9.22603,9.23125,1.00,1.00
2016.12.21 23:08:13.591,9.22601,9.23125,1.00,1.00
2016.12.21 23:08:13.850,9.22603,9.23133,1.00,1.00
2016.12.21 23:08:14.508,9.22603,9.23125,1.00,1.00
2016.12.21 23:08:14.558,9.22606,9.23141,1.00,1.00
2016.12.21 23:08:15.559,9.22606,9.2313,1.00,1.00
2016.12.21 23:08:15.612,9.22603,9.23141,1.00,1.00
2016.12.21 23:08:15.676,9.22606,9.2313,1.00,1.00
2016.12.21 23:08:16.614,9.22606,9.23141,1.00,1.00
2016.12.21 23:08:16.665,9.22606,9.2313,1.00,1.00
2016.12.21 23:08:17.045,9.22603,9.23134,1.00,1.00
2016.12.21 23:08:17.626,9.22603,9.2312,1.00,1.00
2016.12.21 23:08:18.545,9.22606,9.2313,1.00,1.00
2016.12.21 23:08:18.618,9.22603,9.23141,1.00,1.00
2016.12.21 23:08:18.668,9.22606,9.2313,1.00,1.00
2016.12.21 23:08:19.624,9.22603,9.23133,1.00,1.00
2016.12.21 23:08:19.674,9.22609,9.23123,1.00,1.00
2016.12.21 23:08:19.734,9.22603,9.23134,1.00,1.00
2016.12.21 23:08:20.629,9.22603,9.23132,1.00,1.00
2016.12.21 23:08:20.945,9.22603,9.23121,1.00,1.00
2016.12.21 23:08:21.631,9.22603,9.23131,1.00,1.00
2016.12.21 23:08:21.681,9.22603,9.23121,1.00,1.00
2016.12.21 23:08:21.735,9.22603,9.23132,1.00,1.00
2016.12.21 23:08:22.634,9.22603,9.23121,1.00,1.00
2016.12.21 23:08:22.949,9.22604,9.23119,1.00,1.00
2016.12.21 23:08:23.524,9.22604,9.23132,1.00,1.00
2016.12.21 23:08:23.741,9.22604,9.23121,1.00,1.00
2016.12.21 23:08:24.564,9.22604,9.23132,1.00,1.00
2016.12.21 23:08:24.615,9.22606,9.23128,1.00,1.00
2016.12.21 23:08:24.741,9.22604,9.23139,1.00,1.00
2016.12.21 23:08:25.529,9.22606,9.23128,1.00,1.00
2016.12.21 23:08:25.640,9.22604,9.23132,1.00,1.00
2016.12.21 23:08:25.743,9.22604,9.23121,1.00,1.00
2016.12.21 23:08:26.532,9.22604,9.23132,1.00,1.00
2016.12.21 23:08:26.662,9.22604,9.23121,1.00,1.00
2016.12.21 23:08:26.777,9.22604,9.23131,1.00,1.00
2016.12.21 23:08:27.534,9.22604,9.23121,1.00,1.00
2016.12.21 23:08:27.640,9.22604,9.23132,1.00,1.00
2016.12.21 23:08:28.536,9.22604,9.23121,1.50,1.00
2016.12.21 23:08:28.643,9.22604,9.23132,1.00,1.00
2016.12.21 23:08:28.693,9.22604,9.23121,1.50,1.00
2016.12.21 23:08:29.536,9.22604,9.23132,1.00,1.00
2016.12.21 23:08:29.645,9.22604,9.23121,1.50,1.00
2016.12.21 23:08:30.275,9.22604,9.23119,1.00,1.00
2016.12.21 23:08:30.540,9.22606,9.23128,1.00,1.00
2016.12.21 23:08:31.759,9.22604,9.23139,1.00,1.00
2016.12.21 23:08:32.149,9.22587,9.23139,1.00,1.00
2016.12.21 23:08:32.200,9.22603,9.23139,1.00,1.00
2016.12.21 23:08:32.650,9.22606,9.23128,1.00,1.00
2016.12.21 23:08:32.700,9.22603,9.23138,1.00,1.00
2016.12.21 23:08:32.763,9.22606,9.23128,1.00,1.00
2016.12.21 23:08:33.650,9.22603,9.23126,1.00,1.00
2016.12.21 23:08:33.709,9.22606,9.23139,1.00,1.00
2016.12.21 23:08:33.763,9.22603,9.23139,1.00,1.00
2016.12.21 23:08:34.651,9.22606,9.23128,1.00,1.00
2016.12.21 23:08:34.701,9.22603,9.23139,1.00,1.00
2016.12.21 23:08:35.565,9.22606,9.23178,1.00,1.00
2016.12.21 23:08:35.666,9.22582,9.23178,1.00,1.00
2016.12.21 23:08:36.025,9.22594,9.23125,1.00,1.00
2016.12.21 23:08:36.661,9.22594,9.23147,1.00,1.00
2016.12.21 23:08:36.991,9.22594,9.2312,1.00,1.00
2016.12.21 23:08:37.713,9.22594,9.23147,1.00,1.00
2016.12.21 23:08:37.986,9.22594,9.23126,1.00,1.00
2016.12.21 23:08:38.665,9.22594,9.23147,1.00,1.00
2016.12.21 23:08:38.988,9.22594,9.23126,1.00,1.00
2016.12.21 23:08:39.718,9.22594,9.23147,1.00,1.00
2016.12.21 23:08:39.990,9.22594,9.23125,1.00,1.00
2016.12.21 23:08:40.675,9.22594,9.23147,1.00,1.00
2016.12.21 23:08:41.035,9.22588,9.23127,1.00,1.00
2016.12.21 23:08:41.994,9.22589,9.23122,1.00,1.00
2016.12.21 23:08:42.994,9.22589,9.23111,1.00,1.00
2016.12.21 23:08:43.727,9.22588,9.23138,1.00,1.00
2016.12.21 23:08:44.679,9.2259,9.23126,1.00,1.00
2016.12.21 23:08:44.729,9.2259,9.23148,1.00,1.00
2016.12.21 23:08:45.423,9.22577,9.23105,1.00,1.00
2016.12.21 23:08:45.695,9.22573,9.23124,1.00,1.00
2016.12.21 23:08:46.531,9.22574,9.23124,1.00,1.00
2016.12.21 23:08:46.732,9.22574,9.23127,1.00,1.00
2016.12.21 23:08:46.836,9.22574,9.23106,1.00,1.00
2016.12.21 23:08:47.232,9.22574,9.23089,1.00,1.00
2016.12.21 23:08:47.439,9.22574,9.23127,1.00,1.00
2016.12.21 23:08:47.685,9.22574,9.23085,1.00,1.00
2016.12.21 23:08:48.222,9.22573,9.23085,1.00,1.00
2016.12.21 23:08:48.335,9.22573,9.23106,1.00,1.00
2016.12.21 23:08:49.212,9.22544,9.23106,1.00,1.00
2016.12.21 23:08:49.384,9.2256,9.23113,1.00,1.00
2016.12.21 23:08:49.444,9.22543,9.23113,1.00,1.00
2016.12.21 23:08:49.494,9.2256,9.23113,1.00,1.00
2016.12.21 23:08:49.832,9.22543,9.23091,1.00,1.00
2016.12.21 23:08:50.340,9.22562,9.23113,1.00,1.00
2016.12.21 23:08:50.491,9.22543,9.2311,1.00,1.00
2016.12.21 23:08:50.592,9.22543,9.23089,1.00,1.00
2016.12.21 23:08:51.341,9.22552,9.2311,1.00,1.00
2016.12.21 23:08:51.498,9.22543,9.23088,1.00,1.00
2016.12.21 23:08:52.393,9.22552,9.2311,1.00,1.00
2016.12.21 23:08:52.449,9.22543,9.2311,1.00,1.00
2016.12.21 23:08:52.500,9.22552,9.2311,1.00,1.00
2016.12.21 23:08:53.455,9.22543,9.23089,1.00,1.00
2016.12.21 23:08:53.506,9.22552,9.2311,1.00,1.00
2016.12.21 23:08:53.565,9.22543,9.23089,1.00,1.00
2016.12.21 23:08:54.397,9.22553,9.23109,1.00,1.00
2016.12.21 23:08:54.568,9.22552,9.23089,1.00,1.00
2016.12.21 23:08:55.349,9.22543,9.2311,1.00,1.00
2016.12.21 23:08:55.399,9.22552,9.2311,1.00,1.00
2016.12.21 23:08:56.027,9.22543,9.23089,1.00,1.00
2016.12.21 23:08:56.351,9.22551,9.23102,1.00,1.00
2016.12.21 23:08:56.572,9.22543,9.23081,1.00,1.00
2016.12.21 23:08:57.354,9.2255,9.23103,1.00,1.00
2016.12.21 23:08:57.567,9.2255,9.23081,1.00,1.00
2016.12.21 23:08:57.677,9.22543,9.23103,1.00,1.00
2016.12.21 23:08:58.407,9.2255,9.23082,1.00,1.00
2016.12.21 23:08:58.570,9.22543,9.23088,1.00,1.00
2016.12.21 23:08:58.672,9.2255,9.23109,1.00,1.00
2016.12.21 23:08:58.722,9.22543,9.23088,1.00,1.00
2016.12.21 23:08:59.168,9.22553,9.23088,1.00,1.00
2016.12.21 23:08:59.395,9.22553,9.23109,1.00,1.00
2016.12.21 23:09:00.398,9.22553,9.23076,1.00,1.00
2016.12.21 23:09:01.419,9.22553,9.2307,1.00,1.00
2016.12.21 23:09:02.378,9.22553,9.23052,1.00,1.00
2016.12.21 23:09:03.379,9.22553,9.23043,1.00,1.00
2016.12.21 23:09:03.430,9.22553,9.23073,1.00,1.00
2016.12.21 23:09:05.403,9.22503,9.23062,1.00,1.00
2016.12.21 23:09:05.655,9.22513,9.23062,1.00,1.00
2016.12.21 23:09:06.016,9.2253,9.23065,1.00,1.00
2016.12.21 23:09:06.398,9.22546,9.23087,1.00,1.00
2016.12.21 23:09:06.666,9.22546,9.23119,1.00,1.00
2016.12.21 23:09:07.133,9.22549,9.23087,1.00,1.00
2016.12.21 23:09:07.635,9.22549,9.23108,1.00,1.00
2016.12.21 23:09:08.140,9.22549,9.23087,1.00,1.00
2016.12.21 23:09:08.636,9.22549,9.23108,1.00,1.00
2016.12.21 23:09:09.148,9.22549,9.23087,1.00,1.00
2016.12.21 23:09:09.198,9.22539,9.23103,1.00,1.00
2016.12.21 23:09:10.275,9.22539,9.23081,1.00,1.00
2016.12.21 23:09:11.188,9.22539,9.23103,1.00,1.00
2016.12.21 23:09:11.280,9.22539,9.23081,1.00,1.00
2016.12.21 23:09:12.262,9.22539,9.23103,1.00,1.00
2016.12.21 23:09:12.313,9.22539,9.23081,1.00,1.00
2016.12.21 23:09:13.211,9.22541,9.23107,1.00,1.00
2016.12.21 23:09:13.312,9.22541,9.23085,1.00,1.00
2016.12.21 23:09:14.178,9.22541,9.23107,1.00,1.00
2016.12.21 23:09:14.336,9.22541,9.23085,1.00,1.00
2016.12.21 23:09:15.180,9.22541,9.23107,1.00,1.00
2016.12.21 23:09:15.333,9.22541,9.23085,1.00,1.00
2016.12.21 23:09:15.705,9.22544,9.23085,1.00,1.00
2016.12.21 23:09:16.188,9.22544,9.23107,1.00,1.00
2016.12.21 23:09:16.338,9.22544,9.23085,1.00,1.00
2016.12.21 23:09:17.182,9.22544,9.23107,1.00,1.00
2016.12.21 23:09:17.292,9.22544,9.23085,1.00,1.00
2016.12.21 23:09:17.910,9.22543,9.23085,1.00,1.00
2016.12.21 23:09:18.183,9.22548,9.23112,1.00,1.00
2016.12.21 23:09:18.316,9.22548,9.23091,1.00,1.00
2016.12.21 23:09:19.191,9.22551,9.23112,1.00,1.00
2016.12.21 23:09:19.335,9.22551,9.23091,1.00,1.00
2016.12.21 23:09:20.187,9.22551,9.23112,1.00,1.00
2016.12.21 23:09:20.338,9.22551,9.23091,1.00,1.00
2016.12.21 23:09:21.188,9.22552,9.23111,1.00,1.00
2016.12.21 23:09:21.343,9.22551,9.23091,1.00,1.00
2016.12.21 23:09:22.191,9.22551,9.23112,1.00,1.00
2016.12.21 23:09:22.303,9.22551,9.23091,1.00,1.00
2016.12.21 23:09:23.195,9.22551,9.23112,1.00,1.00
2016.12.21 23:09:23.305,9.22551,9.23091,1.00,1.00
2016.12.21 23:09:24.197,9.22551,9.23112,1.00,1.00
2016.12.21 23:09:24.335,9.22551,9.23091,1.00,1.00
2016.12.21 23:09:25.245,9.22551,9.23112,1.00,1.00
2016.12.21 23:09:25.358,9.22552,9.2309,1.00,1.00
2016.12.21 23:09:26.202,9.22551,9.23112,1.00,1.00
2016.12.21 23:09:26.311,9.22551,9.23091,1.00,1.00
2016.12.21 23:09:27.204,9.22552,9.23111,1.00,1.00
2016.12.21 23:09:27.362,9.22551,9.23091,1.00,1.00
2016.12.21 23:09:28.206,9.22557,9.23111,1.00,1.00
2016.12.21 23:09:28.363,9.22557,9.23091,1.00,1.00
2016.12.21 23:09:29.211,9.22557,9.23112,1.00,1.00
2016.12.21 23:09:29.336,9.22556,9.23091,1.00,1.00
2016.12.21 23:09:30.263,9.22557,9.23112,1.00,1.00
2016.12.21 23:09:30.322,9.22557,9.23091,1.00,1.00
2016.12.21 23:09:31.216,9.22558,9.23111,1.00,1.00
2016.12.21 23:09:31.325,9.22557,9.23091,1.00,1.00
2016.12.21 23:09:32.217,9.22567,9.23108,1.00,1.00
2016.12.21 23:09:32.373,9.22567,9.23087,1.00,1.00
2016.12.21 23:09:33.268,9.2256,9.23112,1.00,1.00
2016.12.21 23:09:33.378,9.22561,9.2309,1.00,1.00
2016.12.21 23:09:34.267,9.2256,9.23112,1.00,1.00
2016.12.21 23:09:34.373,9.2256,9.23091,1.00,1.00
2016.12.21 23:09:35.246,9.22561,9.23111,1.00,1.00
2016.12.21 23:09:35.350,9.22555,9.23091,1.00,1.00
2016.12.21 23:09:36.226,9.22553,9.23112,1.00,1.00
2016.12.21 23:09:36.334,9.22553,9.23086,1.00,1.00
2016.12.21 23:09:37.278,9.22553,9.23112,1.00,1.00
2016.12.21 23:09:37.382,9.22553,9.2309,1.00,1.00
2016.12.21 23:09:37.950,9.22554,9.2309,1.00,1.00
2016.12.21 23:09:38.387,9.22554,9.23085,1.00,1.00
2016.12.21 23:09:39.233,9.22558,9.23085,1.00,1.00
2016.12.21 23:09:39.284,9.22558,9.23113,1.00,1.00
2016.12.21 23:09:39.456,9.22558,9.23092,1.00,1.00
2016.12.21 23:09:40.235,9.22558,9.23113,1.00,1.00
2016.12.21 23:09:40.456,9.22558,9.23092,1.00,1.00
2016.12.21 23:09:41.238,9.22558,9.23113,1.00,1.00
2016.12.21 23:09:41.493,9.22558,9.23092,1.00,1.00
2016.12.21 23:09:42.239,9.22558,9.23113,1.00,1.00
2016.12.21 23:09:42.459,9.22558,9.23092,1.00,1.00
2016.12.21 23:09:43.461,9.22554,9.2309,1.50,1.00
2016.12.21 23:09:44.288,9.2256,9.23108,1.00,1.00
2016.12.21 23:09:44.393,9.22554,9.23108,1.00,1.00
2016.12.21 23:09:45.293,9.2256,9.23108,1.00,1.00
2016.12.21 23:09:45.353,9.22554,9.23108,1.00,1.00
2016.12.21 23:09:45.404,9.2256,9.23108,1.00,1.00
2016.12.21 23:09:45.754,9.22541,9.23087,1.00,1.00
2016.12.21 23:09:46.246,9.22561,9.23107,1.00,1.00
2016.12.21 23:09:46.551,9.22541,9.23087,1.00,1.00
2016.12.21 23:09:47.249,9.2256,9.23108,1.00,1.00
2016.12.21 23:09:47.466,9.2256,9.23087,1.00,1.00
2016.12.21 23:09:48.250,9.22541,9.23108,1.00,1.00
2016.12.21 23:09:48.301,9.2256,9.23108,1.00,1.00
2016.12.21 23:09:48.438,9.2256,9.23116,1.00,1.00
2016.12.21 23:09:49.302,9.22554,9.23091,1.00,1.00
2016.12.21 23:09:50.174,9.22555,9.2309,1.00,1.00
2016.12.21 23:09:50.507,9.22554,9.2307,1.00,1.00
2016.12.21 23:09:51.362,9.22556,9.231,1.00,1.00
2016.12.21 23:09:51.476,9.22537,9.23073,1.00,1.00
2016.12.21 23:09:51.526,9.22556,9.231,1.00,1.00
2016.12.21 23:09:52.471,9.22537,9.23072,1.00,1.00
2016.12.21 23:09:52.522,9.22556,9.231,1.00,1.00
2016.12.21 23:09:53.368,9.22537,9.23079,1.00,1.00
2016.12.21 23:09:53.419,9.22556,9.231,1.00,1.00
2016.12.21 23:09:53.477,9.22537,9.23079,1.00,1.00
2016.12.21 23:09:53.529,9.22556,9.231,1.00,1.00
2016.12.21 23:09:54.370,9.22537,9.23079,1.00,1.00
2016.12.21 23:09:54.420,9.22556,9.231,1.00,1.00
2016.12.21 23:09:54.482,9.22537,9.231,1.00,1.00
2016.12.21 23:09:55.375,9.22556,9.231,1.00,1.00
2016.12.21 23:09:55.477,9.22543,9.231,1.00,1.00
2016.12.21 23:09:55.528,9.22556,9.231,1.00,1.00
2016.12.21 23:09:56.134,9.22543,9.23079,1.00,1.00
2016.12.21 23:09:56.377,9.22555,9.23102,1.00,1.00
2016.12.21 23:09:56.591,9.22555,9.23082,1.00,1.00
2016.12.21 23:09:57.402,9.22556,9.23093,1.00,1.00
2016.12.21 23:09:57.538,9.22543,9.23072,1.00,1.00
2016.12.21 23:09:57.594,9.22556,9.23093,1.00,1.00
2016.12.21 23:09:58.483,9.22543,9.23097,1.00,1.00
2016.12.21 23:09:58.534,9.22553,9.23076,1.00,1.00
2016.12.21 23:09:58.643,9.22553,9.23097,1.00,1.00
2016.12.21 23:09:59.484,9.22543,9.23076,1.00,1.00
2016.12.21 23:09:59.590,9.22553,9.23097,1.00,1.00
2016.12.21 23:10:00.391,9.22543,9.23071,1.00,1.00
2016.12.21 23:10:00.783,9.22543,9.23045,1.00,1.00
2016.12.21 23:10:01.522,9.22545,9.23054,1.00,1.00
2016.12.21 23:10:02.489,9.22543,9.2305,1.00,1.00
2016.12.21 23:10:04.482,9.22543,9.23055,1.00,1.00
2016.12.21 23:10:04.535,9.22548,9.23032,1.00,1.00
2016.12.21 23:10:05.434,9.22541,9.2303,1.00,1.00
2016.12.21 23:10:06.073,9.22548,9.23024,1.00,1.00
2016.12.21 23:10:06.486,9.22547,9.2305,1.00,1.00
2016.12.21 23:10:07.564,9.22547,9.23025,1.00,1.00
2016.12.21 23:10:08.439,9.22547,9.2305,1.00,1.00
2016.12.21 23:10:09.440,9.22547,9.2303,1.00,1.00
2016.12.21 23:10:09.491,9.22542,9.2305,1.00,1.00
2016.12.21 23:10:10.443,9.22541,9.2303,1.00,1.00
2016.12.21 23:10:10.493,9.22538,9.2305,1.00,1.00
2016.12.21 23:10:11.444,9.22542,9.23024,1.00,1.00
2016.12.21 23:10:11.495,9.22541,9.2305,1.00,1.00
2016.12.21 23:10:12.449,9.22541,9.2303,1.00,1.00
2016.12.21 23:10:12.977,9.22534,9.23025,1.00,1.00
2016.12.21 23:10:13.238,9.22526,9.23023,1.00,1.00
2016.12.21 23:10:13.289,9.22561,9.23067,1.00,1.00
2016.12.21 23:10:14.264,9.22582,9.23078,1.00,1.00
2016.12.21 23:10:15.610,9.22577,9.23165,1.00,1.00
2016.12.21 23:10:15.710,9.22573,9.23187,1.00,2.12
2016.12.21 23:10:15.761,9.22572,9.2309,1.00,1.00
2016.12.21 23:10:16.818,9.22572,9.23068,1.00,1.00
2016.12.21 23:10:17.115,9.22586,9.23085,1.00,1.00
2016.12.21 23:10:17.367,9.22591,9.23179,1.00,1.00
2016.12.21 23:10:17.468,9.22596,9.23226,1.00,1.95
2016.12.21 23:10:17.581,9.22596,9.23226,1.00,1.95
2016.12.21 23:10:17.682,9.22596,9.23227,1.00,1.50
2016.12.21 23:10:17.810,9.22588,9.23148,1.00,1.00
2016.12.21 23:10:18.338,9.22599,9.23109,1.00,1.00
2016.12.21 23:10:18.573,9.2259,9.23129,1.00,1.00
2016.12.21 23:10:19.116,9.22589,9.2313,1.00,1.00
2016.12.21 23:10:19.624,9.22606,9.2313,1.00,1.00
2016.12.21 23:10:19.934,9.22606,9.23109,1.00,1.00
2016.12.21 23:10:20.322,9.2259,9.23141,1.00,1.00
2016.12.21 23:10:20.577,9.22601,9.23098,1.00,1.00
2016.12.21 23:10:21.342,9.22597,9.23126,1.00,1.00
2016.12.21 23:10:21.580,9.22596,9.23105,1.00,1.00
2016.12.21 23:10:22.312,9.22591,9.23127,1.00,1.00
2016.12.21 23:10:22.583,9.22591,9.23105,1.00,1.00
2016.12.21 23:10:23.355,9.22597,9.23126,1.00,1.00
2016.12.21 23:10:23.585,9.22596,9.23105,1.00,1.00
2016.12.21 23:10:24.339,9.22603,9.23127,1.00,1.00
2016.12.21 23:10:24.587,9.22603,9.23105,1.00,1.00
2016.12.21 23:10:25.690,9.22604,9.23104,1.00,1.00
2016.12.21 23:10:25.740,9.22606,9.23132,1.00,1.00
2016.12.21 23:10:25.841,9.22606,9.23111,1.00,1.00
2016.12.21 23:10:26.710,9.22606,9.23132,1.00,1.00
2016.12.21 23:10:26.864,9.22606,9.23111,1.00,1.00
2016.12.21 23:10:27.764,9.22606,9.23132,1.00,1.00
2016.12.21 23:10:27.869,9.22606,9.23111,1.00,1.00
2016.12.21 23:10:28.746,9.22604,9.23132,1.00,1.00
2016.12.21 23:10:28.876,9.22604,9.23111,1.00,1.00
2016.12.21 23:10:29.718,9.22605,9.23131,1.00,1.00
2016.12.21 23:10:29.874,9.22604,9.23111,1.00,1.00
2016.12.21 23:10:30.721,9.22604,9.23132,1.00,1.00
2016.12.21 23:10:30.884,9.22604,9.23111,1.00,1.00
2016.12.21 23:10:31.722,9.22604,9.23132,1.00,1.00
2016.12.21 23:10:31.832,9.22604,9.23111,1.00,1.00
2016.12.21 23:10:32.774,9.22604,9.23132,1.00,1.00
2016.12.21 23:10:32.879,9.22605,9.2311,1.00,1.00
2016.12.21 23:10:33.750,9.22604,9.23132,1.00,1.00
2016.12.21 23:10:33.852,9.22604,9.23111,1.00,1.00
2016.12.21 23:10:34.764,9.22604,9.23132,1.00,1.00
2016.12.21 23:10:34.838,9.22604,9.23111,1.00,1.00
2016.12.21 23:10:35.779,9.22604,9.23132,1.00,1.00
2016.12.21 23:10:35.884,9.22604,9.23111,1.00,1.00
2016.12.21 23:10:36.780,9.22604,9.23132,1.00,1.00
2016.12.21 23:10:36.889,9.22604,9.23111,1.00,1.00
2016.12.21 23:10:37.735,9.22604,9.23132,1.00,1.00
2016.12.21 23:10:37.894,9.22604,9.23111,1.00,1.00
2016.12.21 23:10:38.737,9.22604,9.23132,1.00,1.00
2016.12.21 23:10:38.889,9.22604,9.23111,1.00,1.00
2016.12.21 23:10:39.444,9.22602,9.23127,1.00,1.00
2016.12.21 23:10:40.415,9.22606,9.23132,1.00,1.00
2016.12.21 23:10:40.648,9.22587,9.23111,1.00,1.00
2016.12.21 23:10:41.469,9.22606,9.23132,1.00,1.00
2016.12.21 23:10:41.524,9.22587,9.23132,1.00,1.00
2016.12.21 23:10:41.581,9.22609,9.23132,1.00,1.00
2016.12.21 23:10:42.582,9.22611,9.23105,1.00,1.00
2016.12.21 23:10:43.422,9.22609,9.2313,1.00,1.00
2016.12.21 23:10:43.584,9.22609,9.23109,1.00,1.00
2016.12.21 23:10:44.424,9.22609,9.2313,1.00,1.00
2016.12.21 23:10:44.586,9.22609,9.23109,1.00,1.00
2016.12.21 23:10:44.907,9.22605,9.23109,1.00,1.00
2016.12.21 23:10:45.109,9.22583,9.2313,1.00,1.00
2016.12.21 23:10:45.464,9.22604,9.23109,1.00,1.00
2016.12.21 23:10:45.935,9.22604,9.2313,1.00,1.00
2016.12.21 23:10:46.427,9.22605,9.23108,1.00,1.00
2016.12.21 23:10:46.911,9.22604,9.2313,1.00,1.00
2016.12.21 23:10:47.473,9.22604,9.23109,1.00,1.00
2016.12.21 23:10:47.911,9.22604,9.2313,1.00,1.00
2016.12.21 23:10:48.431,9.22604,9.23109,1.00,1.00
2016.12.21 23:10:48.914,9.22604,9.2313,1.00,1.00
2016.12.21 23:10:49.436,9.22604,9.23109,1.00,1.00
2016.12.21 23:10:49.917,9.22604,9.2313,1.00,1.00
2016.12.21 23:10:50.483,9.22604,9.23109,1.00,1.00
2016.12.21 23:10:50.931,9.22604,9.2313,1.00,1.00
2016.12.21 23:10:51.438,9.22604,9.23107,1.00,1.00
2016.12.21 23:10:51.969,9.22604,9.23128,1.00,1.00
2016.12.21 23:10:52.441,9.22604,9.23107,1.00,1.00
2016.12.21 23:10:52.958,9.22604,9.23128,1.00,1.00
2016.12.21 23:10:53.486,9.22604,9.23107,1.00,1.00
2016.12.21 23:10:53.924,9.22604,9.23128,1.00,1.00
2016.12.21 23:10:54.446,9.22604,9.23107,1.00,1.00
2016.12.21 23:10:54.927,9.22604,9.23128,1.00,1.00
2016.12.21 23:10:55.393,9.22601,9.23105,1.00,1.00
2016.12.21 23:10:56.395,9.22599,9.23097,1.00,1.00
2016.12.21 23:10:56.446,9.22599,9.23123,1.00,1.00
2016.12.21 23:10:56.744,9.22601,9.23104,1.00,1.00
2016.12.21 23:10:57.696,9.22604,9.23101,1.00,1.00
2016.12.21 23:10:57.747,9.22604,9.23128,1.00,1.00
2016.12.21 23:10:58.698,9.22609,9.23107,1.00,1.00
2016.12.21 23:10:58.749,9.22609,9.23128,1.00,1.00
2016.12.21 23:10:59.701,9.22609,9.23107,1.00,1.00
2016.12.21 23:10:59.752,9.22609,9.23128,1.00,1.00
2016.12.21 23:11:00.702,9.22609,9.23107,1.00,1.00
2016.12.21 23:11:00.753,9.22609,9.23128,1.00,1.00
2016.12.21 23:11:01.581,9.22606,9.23105,1.00,1.00
2016.12.21 23:11:02.535,9.22604,9.23096,1.00,1.00
2016.12.21 23:11:02.586,9.22604,9.23123,1.00,1.00
2016.12.21 23:11:03.686,9.22604,9.23101,1.00,1.00
2016.12.21 23:11:04.539,9.22604,9.23123,1.00,1.00
2016.12.21 23:11:04.696,9.22604,9.23101,1.00,1.00
2016.12.21 23:11:05.091,9.22606,9.23104,1.00,1.00
2016.12.21 23:11:06.096,9.22609,9.23128,1.00,1.00
2016.12.21 23:11:06.155,9.22609,9.23107,1.00,1.00
2016.12.21 23:11:07.048,9.22609,9.2313,1.00,1.00
2016.12.21 23:11:07.201,9.22609,9.23109,1.00,1.00
2016.12.21 23:11:08.050,9.22609,9.2313,1.00,1.00
2016.12.21 23:11:08.206,9.22609,9.23109,1.00,1.00
2016.12.21 23:11:08.506,9.22589,9.23109,1.00,1.00
2016.12.21 23:11:08.557,9.22607,9.2313,1.00,1.00
2016.12.21 23:11:09.161,9.22611,9.23104,1.00,1.00
2016.12.21 23:11:09.557,9.22611,9.2313,1.00,1.00
2016.12.21 23:11:09.614,9.22592,9.2313,1.00,1.00
2016.12.21 23:11:09.664,9.22611,9.23109,1.00,1.00
2016.12.21 23:11:10.509,9.22592,9.23109,1.00,1.00
2016.12.21 23:11:10.667,9.22612,9.23129,1.00,1.00
2016.12.21 23:11:10.720,9.22592,9.2313,1.00,1.00
2016.12.21 23:11:11.618,9.22592,9.23109,1.00,1.00
2016.12.21 23:11:11.669,9.22611,9.2313,1.00,1.00
2016.12.21 23:11:11.725,9.22592,9.2313,1.00,1.00
2016.12.21 23:11:12.620,9.22593,9.23108,1.00,1.00
2016.12.21 23:11:12.670,9.22611,9.2313,1.00,1.00
2016.12.21 23:11:12.730,9.22592,9.2313,1.00,1.00
2016.12.21 23:11:13.623,9.22614,9.23116,1.00,1.00
2016.12.21 23:11:13.746,9.22608,9.23133,1.00,1.00
2016.12.21 23:11:14.752,9.22604,9.23132,1.00,1.00
2016.12.21 23:11:15.284,9.2263,9.23125,1.00,1.00
2016.12.21 23:11:15.705,9.22631,9.23145,1.00,1.00
2016.12.21 23:11:16.287,9.2263,9.23125,1.00,1.00
2016.12.21 23:11:16.812,9.22631,9.23126,1.00,1.00
2016.12.21 23:11:17.704,9.2263,9.23128,1.00,1.00
2016.12.21 23:11:17.755,9.2263,9.23149,1.00,1.00
2016.12.21 23:11:18.706,9.22631,9.23126,1.00,1.00
2016.12.21 23:11:18.757,9.2263,9.23149,1.00,1.00
2016.12.21 23:11:19.707,9.2263,9.23127,1.00,1.00
2016.12.21 23:11:19.758,9.22631,9.23148,1.00,1.00
2016.12.21 23:11:20.708,9.22631,9.23127,1.00,1.00
2016.12.21 23:11:20.759,9.2263,9.23149,1.00,1.00
2016.12.21 23:11:21.716,9.22631,9.23149,1.00,1.00
2016.12.21 23:11:21.819,9.22631,9.23128,1.00,1.00
2016.12.21 23:11:22.769,9.22631,9.23149,1.00,1.00
2016.12.21 23:11:22.824,9.22631,9.23129,1.00,1.00
2016.12.21 23:11:23.772,9.22631,9.23149,1.00,1.00
2016.12.21 23:11:23.830,9.22631,9.23129,1.00,1.00
2016.12.21 23:11:24.762,9.22632,9.23148,1.00,1.00
2016.12.21 23:11:24.878,9.22631,9.23129,1.00,1.00
2016.12.21 23:11:25.725,9.22631,9.23149,1.00,1.00
2016.12.21 23:11:25.882,9.22631,9.23129,1.00,1.00
2016.12.21 23:11:26.730,9.22631,9.23149,1.00,1.00
2016.12.21 23:11:26.839,9.22632,9.23128,1.00,1.00
2016.12.21 23:11:27.730,9.22631,9.23149,1.00,1.00
2016.12.21 23:11:27.853,9.22631,9.23128,1.00,1.00
2016.12.21 23:11:28.732,9.22631,9.23149,1.00,1.00
2016.12.21 23:11:28.887,9.22631,9.23129,1.00,1.00
2016.12.21 23:11:29.735,9.22631,9.23149,1.00,1.00
2016.12.21 23:11:29.892,9.22631,9.23129,1.00,1.00
2016.12.21 23:11:35.141,9.22631,9.23118,1.00,1.00
2016.12.21 23:11:35.192,9.22631,9.23145,1.00,1.00
2016.12.21 23:11:36.142,9.22631,9.23123,1.00,1.00
2016.12.21 23:11:36.192,9.22631,9.23145,1.00,1.00
2016.12.21 23:11:37.145,9.22631,9.23123,1.00,1.00
2016.12.21 23:11:37.195,9.22631,9.23145,1.00,1.00
2016.12.21 23:11:39.149,9.22631,9.23123,1.00,1.00
2016.12.21 23:11:39.200,9.22631,9.23145,1.00,1.00
2016.12.21 23:11:41.151,9.22631,9.23123,1.00,1.00
2016.12.21 23:11:41.202,9.22631,9.23145,1.00,1.00
2016.12.21 23:11:42.153,9.22631,9.23123,1.00,1.00
2016.12.21 23:11:42.204,9.22631,9.23145,1.00,1.00
2016.12.21 23:11:44.159,9.22631,9.23122,1.00,1.00
2016.12.21 23:11:44.210,9.22631,9.23145,1.00,1.00
2016.12.21 23:11:45.161,9.22632,9.23122,1.00,1.00
2016.12.21 23:11:45.212,9.22631,9.23145,1.00,1.00
2016.12.21 23:11:46.162,9.22631,9.23123,1.00,1.00
2016.12.21 23:11:46.251,9.22631,9.23145,1.00,1.00
2016.12.21 23:11:47.164,9.22631,9.23123,1.00,1.00
2016.12.21 23:11:47.215,9.22631,9.23145,1.00,1.00
2016.12.21 23:11:48.165,9.22631,9.23122,1.00,1.00
2016.12.21 23:11:48.216,9.22631,9.23145,1.00,1.00
2016.12.21 23:11:49.791,9.22607,9.23147,1.00,1.00
2016.12.21 23:11:50.170,9.22594,9.23106,1.00,1.00
2016.12.21 23:11:50.748,9.22577,9.23093,1.00,1.00
2016.12.21 23:11:50.799,9.22583,9.2312,1.00,1.00
2016.12.21 23:11:51.783,9.22586,9.23119,1.00,1.00
2016.12.21 23:11:52.751,9.22585,9.23097,1.00,1.00
2016.12.21 23:11:52.802,9.22585,9.2312,1.00,1.00
2016.12.21 23:11:53.753,9.22585,9.23097,1.00,1.00
2016.12.21 23:11:53.803,9.22585,9.2312,1.00,1.00
2016.12.21 23:11:55.807,9.22585,9.23125,1.00,1.00
2016.12.21 23:11:56.867,9.22585,9.23103,1.00,1.00
2016.12.21 23:11:57.761,9.22585,9.23125,1.00,1.00
2016.12.21 23:11:57.871,9.22585,9.23103,1.00,1.00
2016.12.21 23:12:05.244,9.22585,9.2312,1.00,1.00
2016.12.21 23:12:06.201,9.22585,9.23097,1.00,1.00
2016.12.21 23:12:06.252,9.22585,9.2312,1.00,1.00
2016.12.21 23:12:06.965,9.22577,9.23073,1.00,1.00
2016.12.21 23:12:07.205,9.22584,9.23102,1.00,1.00
2016.12.21 23:12:07.919,9.22592,9.23101,1.00,1.00
2016.12.21 23:12:08.922,9.22583,9.23101,1.00,1.00
2016.12.21 23:12:09.206,9.22583,9.23123,1.00,1.00
2016.12.21 23:12:09.923,9.22583,9.23101,1.00,1.00
2016.12.21 23:12:10.257,9.22583,9.23123,1.00,1.00
2016.12.21 23:12:10.962,9.22583,9.23101,1.00,1.00
2016.12.21 23:12:11.211,9.22583,9.23123,1.00,1.00
2016.12.21 23:12:11.928,9.22583,9.23101,1.00,1.00
2016.12.21 23:12:13.327,9.22583,9.23091,1.00,1.00
2016.12.21 23:12:13.377,9.22583,9.23119,1.00,1.00
2016.12.21 23:12:14.329,9.22583,9.231,1.00,1.00
2016.12.21 23:12:14.380,9.22583,9.23123,1.00,1.00
2016.12.21 23:12:15.331,9.22583,9.23101,1.00,1.00
2016.12.21 23:12:15.381,9.22583,9.23123,1.00,1.00
2016.12.21 23:12:16.333,9.22583,9.23101,1.00,1.00
2016.12.21 23:12:16.384,9.22583,9.23123,1.00,1.00
2016.12.21 23:12:17.334,9.22583,9.23101,1.00,1.00
2016.12.21 23:12:17.384,9.22583,9.23123,1.00,1.00
2016.12.21 23:12:18.194,9.22573,9.23077,1.00,1.00
2016.12.21 23:12:18.346,9.22582,9.23099,1.00,1.00
2016.12.21 23:12:19.168,9.22582,9.23076,1.00,1.00
2016.12.21 23:12:19.387,9.22582,9.23099,1.00,1.00
2016.12.21 23:12:20.392,9.22582,9.23103,1.00,1.00
2016.12.21 23:12:21.344,9.22582,9.23081,1.00,1.00
2016.12.21 23:12:21.394,9.22582,9.23102,1.00,1.00
2016.12.21 23:12:22.344,9.22582,9.23082,1.00,1.00
2016.12.21 23:12:22.395,9.22582,9.23102,1.00,1.00
2016.12.21 23:12:23.397,9.22583,9.23101,1.00,1.00
2016.12.21 23:12:24.350,9.22582,9.23098,1.00,1.00
2016.12.21 23:12:24.886,9.22558,9.23076,1.00,1.00
2016.12.21 23:12:25.087,9.22577,9.23098,1.00,1.00
2016.12.21 23:12:25.456,9.22579,9.2307,1.00,1.00
2016.12.21 23:12:25.923,9.22579,9.23098,1.00,1.00
2016.12.21 23:12:26.495,9.22579,9.23075,1.00,1.00
2016.12.21 23:12:26.891,9.22579,9.23098,1.00,1.00
2016.12.21 23:12:27.460,9.22579,9.23075,1.00,1.00
2016.12.21 23:12:27.891,9.22579,9.23098,1.00,1.00
2016.12.21 23:12:28.464,9.22579,9.23076,1.00,1.00
2016.12.21 23:12:28.905,9.22579,9.23098,1.00,1.00
2016.12.21 23:12:29.465,9.22579,9.23075,1.00,1.00
2016.12.21 23:12:29.942,9.22579,9.23098,1.00,1.00
2016.12.21 23:12:30.466,9.22579,9.23075,1.00,1.00
2016.12.21 23:12:30.947,9.22579,9.23098,1.00,1.00
2016.12.21 23:12:31.491,9.22579,9.23075,1.00,1.00
2016.12.21 23:12:31.947,9.22579,9.23098,1.00,1.00
2016.12.21 23:12:32.475,9.22579,9.23075,1.00,1.00
2016.12.21 23:12:32.899,9.22579,9.23098,1.00,1.00
2016.12.21 23:12:33.471,9.22579,9.23076,1.00,1.00
2016.12.21 23:12:33.900,9.22579,9.23098,1.00,1.00
2016.12.21 23:12:34.475,9.2258,9.23074,1.00,1.00
2016.12.21 23:12:34.901,9.22579,9.23098,1.00,1.00
2016.12.21 23:12:35.523,9.22579,9.23076,1.00,1.00
2016.12.21 23:12:35.953,9.22579,9.23098,1.00,1.00
2016.12.21 23:12:36.510,9.22579,9.23076,1.00,1.00
2016.12.21 23:12:36.905,9.22579,9.23098,1.00,1.00
2016.12.21 23:12:37.482,9.22579,9.23075,1.00,1.00
2016.12.21 23:12:37.957,9.22579,9.23098,1.00,1.00
2016.12.21 23:12:38.484,9.22579,9.23075,1.00,1.00
2016.12.21 23:12:38.914,9.22579,9.23098,1.00,1.00
2016.12.21 23:12:39.486,9.22579,9.23075,1.00,1.00
2016.12.21 23:12:39.910,9.22579,9.23098,1.00,1.00
2016.12.21 23:12:40.487,9.22579,9.23075,1.00,1.00
2016.12.21 23:12:40.963,9.2258,9.23097,1.00,1.00
2016.12.21 23:12:41.511,9.22579,9.23075,1.00,1.00
2016.12.21 23:12:41.915,9.22579,9.23098,1.00,1.00
2016.12.21 23:12:42.490,9.22579,9.23075,1.00,1.00
2016.12.21 23:12:42.917,9.22579,9.23098,1.00,1.00
2016.12.21 23:12:43.491,9.22579,9.23076,1.00,1.00
2016.12.21 23:12:43.917,9.2257,9.23098,1.00,1.00
2016.12.21 23:12:44.494,9.22571,9.2307,1.00,1.00
2016.12.21 23:12:44.931,9.22565,9.23093,1.00,1.00
2016.12.21 23:12:45.495,9.22565,9.2307,1.00,1.00
2016.12.21 23:12:45.973,9.2257,9.23093,1.00,1.00
2016.12.21 23:12:46.520,9.2257,9.2307,1.00,1.00
2016.12.21 23:12:46.926,9.2257,9.23093,1.00,1.00
2016.12.21 23:12:47.498,9.2257,9.2307,1.00,1.00
2016.12.21 23:12:47.927,9.2257,9.23093,1.00,1.00
2016.12.21 23:12:48.501,9.2257,9.23069,1.00,1.00
2016.12.21 23:12:48.930,9.2257,9.23093,1.00,1.00
2016.12.21 23:12:49.503,9.2257,9.23069,1.00,1.00
2016.12.21 23:12:49.974,9.2257,9.23093,1.00,1.00
2016.12.21 23:12:50.515,9.2257,9.23069,1.00,1.00
2016.12.21 23:12:50.933,9.2257,9.23098,1.00,1.00
2016.12.21 23:12:51.537,9.2257,9.23076,1.00,1.00
2016.12.21 23:12:51.895,9.22522,9.23026,1.00,1.00
2016.12.21 23:12:52.506,9.22513,9.23017,1.00,1.00
2016.12.21 23:12:52.950,9.22513,9.23039,1.00,1.00
2016.12.21 23:12:53.046,9.22519,9.23021,1.00,1.00
2016.12.21 23:12:53.983,9.22519,9.23044,1.00,1.00
2016.12.21 23:12:54.077,9.22519,9.23023,1.00,1.00
2016.12.21 23:12:54.989,9.22519,9.23044,1.00,1.00
2016.12.21 23:12:55.099,9.22519,9.23023,1.00,1.00
2016.12.21 23:12:55.942,9.22519,9.23044,1.00,1.00
2016.12.21 23:12:56.093,9.22519,9.23023,1.00,1.00
2016.12.21 23:12:56.942,9.22519,9.23044,1.00,1.00
2016.12.21 23:12:57.098,9.22519,9.23023,1.00,1.00
2016.12.21 23:12:57.993,9.22519,9.23044,1.00,1.00
2016.12.21 23:12:58.103,9.22519,9.23023,1.00,1.00
2016.12.21 23:12:58.944,9.22512,9.23022,1.00,1.00
2016.12.21 23:12:59.999,9.22513,9.23042,1.00,1.00
2016.12.21 23:13:00.054,9.22512,9.23022,1.00,1.00
2016.12.21 23:13:00.952,9.22512,9.23043,1.00,1.00
2016.12.21 23:13:01.109,9.22512,9.23022,1.00,1.00
2016.12.21 23:13:01.998,9.22512,9.23043,1.00,1.00
2016.12.21 23:13:02.104,9.22512,9.23022,1.00,1.00
2016.12.21 23:13:02.955,9.22521,9.23021,1.00,1.00
2016.12.21 23:13:03.538,9.22512,9.23021,1.00,1.00
2016.12.21 23:13:03.957,9.22515,9.23046,1.00,1.00
2016.12.21 23:13:05.061,9.22519,9.23022,1.00,1.00
2016.12.21 23:13:05.111,9.2252,9.23045,1.00,1.00
2016.12.21 23:13:06.064,9.22503,9.23045,1.00,1.00
2016.12.21 23:13:06.200,9.22519,9.23026,1.00,1.00
2016.12.21 23:13:06.318,9.22519,9.23046,1.00,1.00
2016.12.21 23:13:07.172,9.22503,9.23026,1.00,1.00
2016.12.21 23:13:08.066,9.22521,9.23046,1.00,1.00
2016.12.21 23:13:08.187,9.22503,9.23026,1.00,1.00
2016.12.21 23:13:08.329,9.22521,9.23046,1.00,1.00
2016.12.21 23:13:08.438,9.22503,9.23022,1.00,1.00
2016.12.21 23:13:09.119,9.22521,9.23046,1.00,1.00
2016.12.21 23:13:09.173,9.22503,9.23021,1.00,1.00
2016.12.21 23:13:09.282,9.22521,9.23046,1.00,1.00
2016.12.21 23:13:09.434,9.22503,9.23026,1.00,1.00
2016.12.21 23:13:10.119,9.22521,9.23046,1.00,1.00
2016.12.21 23:13:10.178,9.22503,9.23022,1.00,1.00
2016.12.21 23:13:10.334,9.22521,9.23046,1.00,1.00
2016.12.21 23:13:10.437,9.22503,9.23021,1.00,1.00
2016.12.21 23:13:11.107,9.22523,9.23021,1.00,1.00
2016.12.21 23:13:12.110,9.22493,9.23127,1.00,1.00
2016.12.21 23:13:12.161,9.22537,9.23127,1.00,1.00
2016.12.21 23:13:12.464,9.22512,9.23046,1.00,1.00
2016.12.21 23:13:13.110,9.22538,9.23127,1.00,1.00
2016.12.21 23:13:13.161,9.22556,9.23127,1.00,1.00
2016.12.21 23:13:13.318,9.22538,9.23127,1.00,1.00
2016.12.21 23:13:13.476,9.22538,9.2304,1.00,1.00
2016.12.21 23:13:13.786,9.22512,9.2304,1.00,1.00
2016.12.21 23:13:14.478,9.22517,9.23028,1.00,1.00
2016.12.21 23:13:14.581,9.22495,9.23018,1.00,1.00
2016.12.21 23:13:14.631,9.22514,9.23018,1.00,1.00
2016.12.21 23:13:15.634,9.22519,9.23044,1.00,1.00
2016.12.21 23:13:15.688,9.225,9.23024,1.00,1.00
2016.12.21 23:13:15.739,9.22519,9.23044,1.00,1.00
2016.12.21 23:13:15.798,9.225,9.23019,1.00,1.00
2016.12.21 23:13:16.330,9.22513,9.23019,1.00,1.00
2016.12.21 23:13:16.694,9.22522,9.23019,1.00,1.00
2016.12.21 23:13:17.269,9.22524,9.2302,1.00,1.00
2016.12.21 23:13:17.668,9.22513,9.23018,1.00,1.00
2016.12.21 23:13:17.719,9.22529,9.23048,1.00,1.00
2016.12.21 23:13:18.672,9.22531,9.2303,1.00,1.00
2016.12.21 23:13:19.673,9.22532,9.23025,1.00,1.00
2016.12.21 23:13:19.724,9.22532,9.23048,1.00,1.00
2016.12.21 23:13:20.354,9.22513,9.23024,1.00,1.00
2016.12.21 23:13:20.677,9.22514,9.23015,1.00,1.00
2016.12.21 23:13:20.987,9.22517,9.23014,1.00,1.00
2016.12.21 23:13:21.826,9.22523,9.23046,1.00,1.00
2016.12.21 23:13:22.937,9.22524,9.23022,1.00,1.00
2016.12.21 23:13:23.830,9.22524,9.23046,1.00,1.00
2016.12.21 23:13:24.831,9.22524,9.23026,1.00,1.00
2016.12.21 23:13:25.834,9.22524,9.23022,1.00,1.00
2016.12.21 23:13:25.885,9.22524,9.23046,1.00,1.00
2016.12.21 23:13:26.836,9.22524,9.23027,1.00,1.00
2016.12.21 23:13:27.831,9.22531,9.23061,1.00,1.00
2016.12.21 23:13:27.883,9.22556,9.23069,1.00,1.00
2016.12.21 23:13:28.513,9.22532,9.23042,1.00,1.00
2016.12.21 23:13:28.843,9.22545,9.23064,1.00,1.00
2016.12.21 23:13:28.949,9.22545,9.23036,1.00,1.00
2016.12.21 23:13:29.665,9.22544,9.2308,1.00,1.00
2016.12.21 23:13:29.716,9.22571,9.23088,1.00,1.00
2016.12.21 23:13:30.690,9.22573,9.23089,1.00,1.00
2016.12.21 23:13:31.200,9.22573,9.23067,1.00,1.00
2016.12.21 23:13:31.786,9.22573,9.23059,1.00,1.00
2016.12.21 23:13:32.667,9.22573,9.23086,1.00,1.00
2016.12.21 23:13:35.392,9.22575,9.23089,1.00,1.00
2016.12.21 23:13:36.381,9.22575,9.23091,1.00,1.00
2016.12.21 23:13:36.431,9.2258,9.23091,1.00,1.00
2016.12.21 23:13:37.383,9.22579,9.23093,1.00,1.00
2016.12.21 23:13:37.484,9.2258,9.23072,1.00,1.00
2016.12.21 23:13:38.385,9.2258,9.23093,1.00,1.00
2016.12.21 23:13:38.541,9.2258,9.23072,1.00,1.00
2016.12.21 23:13:39.388,9.2258,9.23093,1.00,1.00
2016.12.21 23:13:39.546,9.2258,9.23072,1.00,1.00
2016.12.21 23:13:40.389,9.2258,9.23093,1.00,1.00
2016.12.21 23:13:40.541,9.2258,9.23072,1.00,1.00
2016.12.21 23:13:41.267,9.22574,9.23088,1.00,1.00
2016.12.21 23:13:42.227,9.22581,9.23095,1.00,1.00
2016.12.21 23:13:42.532,9.22611,9.23099,1.00,1.00
2016.12.21 23:13:43.334,9.22601,9.23128,1.00,1.00
2016.12.21 23:13:43.506,9.22602,9.23103,1.00,1.00
2016.12.21 23:13:43.773,9.2258,9.23126,1.00,1.00
2016.12.21 23:13:44.356,9.22585,9.23098,1.00,1.00
2016.12.21 23:13:44.759,9.22599,9.23126,1.00,1.00
