2014.04.24 21:00:00.197,6.57237,6.57513,0.75,0.75
2014.04.24 21:00:05.375,6.57258,6.57594,0.75,0.10
2014.04.24 21:00:05.476,6.57247,6.57676,0.75,0.10
2014.04.24 21:00:06.630,6.57328,6.57676,0.75,0.10
2014.04.24 21:00:07.660,6.57357,6.57676,0.75,0.10
2014.04.24 21:00:09.704,6.57367,6.57676,0.75,0.10
2014.04.24 21:00:09.956,6.57367,6.57792,0.75,0.10
2014.04.24 21:00:14.530,6.57367,6.57791,0.75,0.15
2014.04.24 21:00:27.084,6.57357,6.57791,0.75,0.15
2014.04.24 21:00:28.100,6.57357,6.57792,0.75,0.23
2014.04.24 21:00:28.674,6.57408,6.57792,0.75,0.23
2014.04.24 21:00:29.747,6.57417,6.57792,0.75,0.23
2014.04.24 21:00:30.714,6.57427,6.57792,0.75,0.15
2014.04.24 21:00:53.675,6.57427,6.57791,0.75,0.15
2014.04.24 21:01:05.894,6.57427,6.57792,0.75,0.15
2014.04.24 21:01:08.380,6.57438,6.57792,0.75,0.15
2014.04.24 21:01:22.634,6.57427,6.57792,0.75,0.15
2014.04.24 21:01:35.283,6.57447,6.57792,0.75,0.15
2014.04.24 21:01:35.522,6.57447,6.57873,0.75,0.75
2014.04.24 21:01:36.693,6.57527,6.57873,0.75,0.75
2014.04.24 21:01:37.683,6.57547,6.57863,0.75,0.75
2014.04.24 21:01:38.680,6.57558,6.57862,0.75,0.75
2014.04.24 21:01:50.130,6.57558,6.57874,0.75,0.10
2014.04.24 21:01:50.181,6.57558,6.57902,0.75,0.75
2014.04.24 21:01:50.232,6.57548,6.57892,0.75,0.75
2014.04.24 21:01:50.663,6.57557,6.57903,0.75,0.75
2014.04.24 21:01:51.679,6.57568,6.57902,0.75,0.75
2014.04.24 21:01:52.316,6.57577,6.57903,0.75,0.75
2014.04.24 21:01:54.649,6.57588,6.57902,0.75,0.75
2014.04.24 21:01:57.737,6.57597,6.57903,0.75,0.75
2014.04.24 21:02:10.506,6.57588,6.57892,0.75,0.75
2014.04.24 21:03:10.901,6.57482,6.57918,0.10,0.10
2014.04.24 21:03:12.522,6.57477,6.57913,0.10,0.10
2014.04.24 21:03:18.543,6.57587,6.57903,0.75,0.75
2014.04.24 21:03:23.671,6.57598,6.57902,0.75,0.75
2014.04.24 21:04:05.403,6.57608,6.57916,1.00,1.18
2014.04.24 21:04:09.662,6.57618,6.57916,1.00,1.18
2014.04.24 21:04:15.995,6.57618,6.57932,1.00,1.10
2014.04.24 21:04:18.693,6.57617,6.57923,1.00,1.00
2014.04.24 21:05:00.800,6.57608,6.57912,1.00,1.00
2014.04.24 21:05:30.708,6.57597,6.57913,1.00,1.00
2014.04.24 21:05:35.309,6.57598,6.57902,1.00,1.00
2014.04.24 21:05:48.429,6.57588,6.57902,1.00,1.00
2014.04.24 21:05:48.531,6.57577,6.57903,1.00,1.00
2014.04.24 21:05:50.711,6.57578,6.57892,1.00,1.00
2014.04.24 21:05:54.669,6.57577,6.57883,1.00,1.00
2014.04.24 21:06:19.749,6.57567,6.57883,1.00,1.00
2014.04.24 21:06:20.078,6.57537,6.57883,1.00,1.00
2014.04.24 21:06:20.180,6.57537,6.57864,1.00,1.00
2014.04.24 21:06:21.729,6.57547,6.57853,1.00,1.00
2014.04.24 21:06:22.719,6.57548,6.57832,1.00,1.00
2014.04.24 21:06:24.698,6.57548,6.57822,1.00,1.00
2014.04.24 21:06:26.176,6.57471,6.57762,1.00,1.18
2014.04.24 21:06:26.226,6.57471,6.57742,1.00,1.18
2014.04.24 21:06:26.294,6.57292,6.57738,1.18,1.08
2014.04.24 21:06:46.500,6.57278,6.57728,1.28,1.18
2014.04.24 21:06:47.460,6.57235,6.57722,1.00,1.00
2014.04.24 21:06:52.108,6.57235,6.57723,1.00,1.00
2014.04.24 21:06:52.209,6.57235,6.57688,1.00,1.18
2014.04.24 21:06:52.353,6.57185,6.57688,1.18,1.18
2014.04.24 21:06:53.628,6.57185,6.57582,1.18,1.00
2014.04.24 21:06:54.629,6.57185,6.57543,1.18,1.00
2014.04.24 21:06:55.608,6.57185,6.57532,1.18,1.00
2014.04.24 21:06:56.708,6.57185,6.57522,1.18,1.00
2014.04.24 21:06:59.567,6.57185,6.57503,1.18,1.00
2014.04.24 21:06:59.668,6.56723,6.5717,1.18,1.18
2014.04.24 21:06:59.998,6.56778,6.57223,1.18,1.58
2014.04.24 21:07:00.928,6.56793,6.57295,1.18,1.18
2014.04.24 21:07:00.979,6.56866,6.57295,1.18,1.18
2014.04.24 21:07:01.037,6.56886,6.57389,1.18,1.18
2014.04.24 21:07:11.878,6.56886,6.57282,1.18,1.50
2014.04.24 21:07:11.928,6.56794,6.57243,1.18,1.18
2014.04.24 21:07:17.301,6.56757,6.57205,1.18,1.18
2014.04.24 21:07:20.638,6.56757,6.57182,1.18,1.50
2014.04.24 21:07:20.689,6.5672,6.5717,1.18,1.18
2014.04.24 21:07:20.843,6.5672,6.57123,1.18,1.00
2014.04.24 21:07:24.444,6.56658,6.57123,1.00,1.00
2014.04.24 21:07:24.494,6.56658,6.57123,1.08,1.00
2014.04.24 21:07:24.595,6.56676,6.57231,1.18,1.00
2014.04.24 21:07:24.950,6.56668,6.57231,1.00,1.00
2014.04.24 21:07:25.000,6.56702,6.57231,1.18,1.00
2014.04.24 21:07:25.151,6.56722,6.57521,1.18,1.00
2014.04.24 21:07:45.564,6.56726,6.57521,1.18,1.00
2014.04.24 21:08:05.540,6.56725,6.57521,1.18,1.00
2014.04.24 21:08:25.195,6.56725,6.5755,1.18,1.18
2014.04.24 21:08:26.543,6.56732,6.57553,1.18,1.58
2014.04.24 21:08:35.647,6.56732,6.57533,1.18,1.00
2014.04.24 21:08:36.637,6.56732,6.57532,1.18,1.00
2014.04.24 21:08:46.599,6.56735,6.57532,1.18,1.00
2014.04.24 21:09:07.604,6.56733,6.57532,1.18,1.00
2014.04.24 21:09:38.180,6.56733,6.57558,1.18,1.18
2014.04.24 21:09:58.714,6.56733,6.57523,1.18,1.00
2014.04.24 21:09:59.025,6.56733,6.57532,1.18,1.00
2014.04.24 21:09:59.247,6.56733,6.57542,1.18,1.00
2014.04.24 21:10:01.669,6.56733,6.57533,1.18,1.00
2014.04.24 21:10:05.734,6.56733,6.57522,1.18,1.00
2014.04.24 21:10:08.516,6.56698,6.57522,1.00,1.00
2014.04.24 21:10:08.666,6.56698,6.57532,1.00,1.00
2014.04.24 21:10:09.646,6.56731,6.57532,1.18,1.00
2014.04.24 21:10:26.504,6.56731,6.57552,1.18,1.00
2014.04.24 21:10:28.727,6.56731,6.57553,1.18,1.10
2014.04.24 21:10:29.574,6.56733,6.57553,1.18,1.08
2014.04.24 21:10:44.016,6.56733,6.57543,1.18,1.00
2014.04.24 21:10:46.837,6.56733,6.57558,1.18,1.18
2014.04.24 21:10:50.410,6.56747,6.57563,1.18,1.00
2014.04.24 21:10:51.675,6.56747,6.57562,1.18,1.00
2014.04.24 21:10:53.655,6.56747,6.57563,1.18,1.00
2014.04.24 21:11:10.558,6.56738,6.57563,1.18,1.65
2014.04.24 21:11:12.924,6.56738,6.57552,1.18,1.00
2014.04.24 21:11:17.634,6.56738,6.57543,1.18,1.00
2014.04.24 21:11:19.661,6.56738,6.57552,1.18,1.00
2014.04.24 21:11:25.244,6.56738,6.57562,1.18,1.08
2014.04.24 21:11:28.434,6.56738,6.57552,1.18,1.00
2014.04.24 21:11:31.579,6.56747,6.57552,1.18,1.00
2014.04.24 21:11:32.704,6.56747,6.57542,1.18,1.00
2014.04.24 21:11:34.684,6.56747,6.57553,1.18,1.00
2014.04.24 21:12:12.629,6.56744,6.57553,1.18,1.00
2014.04.24 21:12:23.675,6.56744,6.57552,1.18,1.00
2014.04.24 21:12:25.654,6.56744,6.57563,1.18,1.10
2014.04.24 21:12:53.559,6.56737,6.57563,1.18,1.08
2014.04.24 21:13:13.644,6.5674,6.57563,1.18,1.08
2014.04.24 21:13:20.062,6.5674,6.57557,1.18,1.00
2014.04.24 21:13:21.752,6.56748,6.57557,1.00,1.00
2014.04.24 21:13:22.634,6.56768,6.57557,1.00,1.00
2014.04.24 21:13:26.702,6.56777,6.57557,1.00,1.00
2014.04.24 21:13:28.682,6.56768,6.57557,1.00,1.00
2014.04.24 21:13:33.539,6.56768,6.57557,1.08,1.00
2014.04.24 21:13:43.642,6.56788,6.57557,1.00,1.00
2014.04.24 21:13:44.675,6.56797,6.57557,1.00,1.00
2014.04.24 21:14:20.173,6.56797,6.57592,1.00,1.50
2014.04.24 21:14:35.064,6.56807,6.57592,1.00,1.50
2014.04.24 21:14:35.391,6.56807,6.5758,1.00,1.00
2014.04.24 21:14:37.652,6.56818,6.5758,1.00,1.00
2014.04.24 21:14:41.612,6.56828,6.5758,1.00,1.00
2014.04.24 21:15:00.580,6.56828,6.5758,1.08,1.00
2014.04.24 21:15:01.383,6.56843,6.5758,1.18,1.00
2014.04.24 21:15:01.783,6.56797,6.5758,1.00,1.00
2014.04.24 21:15:01.962,6.5679,6.5758,1.00,1.00
2014.04.24 21:15:25.475,6.56808,6.5758,1.00,1.00
2014.04.24 21:15:25.626,6.56798,6.5758,1.00,1.00
2014.04.24 21:15:35.192,6.56798,6.57592,1.00,2.25
2014.04.24 21:16:01.495,6.56809,6.57592,1.18,2.25
2014.04.24 21:16:02.451,6.56798,6.57592,1.00,2.33
2014.04.24 21:16:22.638,6.56798,6.57591,1.00,1.18
2014.04.24 21:16:30.301,6.56781,6.57591,1.18,1.18
2014.04.24 21:16:36.182,6.56718,6.57592,1.50,1.50
2014.04.24 21:16:36.233,6.56788,6.57592,1.00,2.25
2014.04.24 21:16:40.709,6.56788,6.57582,1.00,1.00
2014.04.24 21:17:40.938,6.56718,6.57592,1.50,1.50
2014.04.24 21:19:04.366,6.56768,6.57562,1.00,1.00
2014.04.24 21:19:04.718,6.56826,6.57544,1.00,1.00
2014.04.24 21:19:06.638,6.56827,6.57544,1.00,1.00
2014.04.24 21:19:07.627,6.56838,6.57544,1.00,1.00
2014.04.24 21:19:29.431,6.56826,6.57544,1.00,1.00
2014.04.24 21:20:04.479,6.56818,6.57552,1.00,1.00
2014.04.24 21:20:34.338,6.56777,6.57583,1.50,1.50
2014.04.24 21:21:49.779,6.56807,6.57533,1.00,1.00
2014.04.24 21:21:50.146,6.56807,6.57292,1.00,1.00
2014.04.24 21:21:51.645,6.56808,6.57292,1.00,1.00
2014.04.24 21:21:52.635,6.56807,6.57292,1.00,1.00
2014.04.24 21:21:53.625,6.56808,6.57292,1.00,1.00
2014.04.24 21:21:56.847,6.56817,6.57292,1.00,1.00
2014.04.24 21:21:57.102,6.56817,6.57544,1.00,1.00
2014.04.24 21:22:33.936,6.56827,6.57544,1.00,1.00
2014.04.24 21:22:38.724,6.56838,6.57544,1.00,1.00
2014.04.24 21:22:45.125,6.56818,6.57544,1.00,1.00
2014.04.24 21:22:48.883,6.56828,6.57544,1.00,1.00
2014.04.24 21:22:53.655,6.56838,6.57544,1.00,1.00
2014.04.24 21:22:58.255,6.56838,6.57572,1.00,2.25
2014.04.24 21:23:01.176,6.56817,6.57563,1.00,1.00
2014.04.24 21:23:05.644,6.56818,6.57552,1.00,1.00
2014.04.24 21:23:47.334,6.56828,6.57562,1.00,1.00
2014.04.24 21:23:49.643,6.56858,6.57562,1.00,1.00
2014.04.24 21:23:50.749,6.56868,6.57562,1.00,1.00
2014.04.24 21:23:51.651,6.56857,6.57563,1.00,1.00
2014.04.24 21:23:53.867,6.56847,6.57553,1.00,1.00
2014.04.24 21:23:54.255,6.56847,6.5752,1.00,1.00
2014.04.24 21:24:03.722,6.56848,6.5752,1.00,1.00
2014.04.24 21:24:04.073,6.56857,6.5752,1.00,1.00
2014.04.24 21:24:04.426,6.56857,6.57671,1.00,1.18
2014.04.24 21:24:10.542,6.56858,6.57671,1.00,1.18
2014.04.24 21:24:10.645,6.56858,6.57594,1.00,1.18
2014.04.24 21:24:11.052,6.56858,6.57574,1.00,1.18
2014.04.24 21:24:11.643,6.56888,6.57574,1.00,1.18
2014.04.24 21:24:12.632,6.56897,6.57574,1.00,1.18
2014.04.24 21:24:18.693,6.56878,6.57574,1.00,1.18
2014.04.24 21:24:29.395,6.56847,6.57574,1.00,1.18
2014.04.24 21:24:31.566,6.56847,6.57562,1.00,1.18
2014.04.24 21:24:38.052,6.56838,6.57562,1.00,1.18
2014.04.24 21:24:38.152,6.56838,6.57521,1.00,1.18
2014.04.24 21:24:38.583,6.56827,6.57341,1.00,1.00
2014.04.24 21:24:44.576,6.56818,6.57341,1.00,1.00
2014.04.24 21:24:47.292,6.56838,6.57341,1.00,1.00
2014.04.24 21:24:47.574,6.56838,6.57477,1.00,1.18
2014.04.24 21:24:48.722,6.56837,6.57477,1.00,1.18
2014.04.24 21:24:52.825,6.56982,6.57449,1.18,1.18
2014.04.24 21:24:53.143,6.57003,6.57428,1.18,1.18
2014.04.24 21:24:57.903,6.57038,6.57449,1.18,1.18
2014.04.24 21:24:57.953,6.57038,6.57463,1.18,1.18
2014.04.24 21:25:00.422,6.57139,6.57577,1.18,1.18
2014.04.24 21:25:01.482,6.57119,6.57463,1.18,1.18
2014.04.24 21:25:01.532,6.57036,6.57463,1.18,1.18
2014.04.24 21:25:21.525,6.57032,6.57458,1.18,1.18
2014.04.24 21:25:42.577,6.57028,6.57454,1.18,1.18
2014.04.24 21:26:00.753,6.57097,6.57473,1.18,1.18
2014.04.24 21:26:00.803,6.57097,6.57522,1.18,1.18
2014.04.24 21:26:00.854,6.57129,6.57543,1.18,1.18
2014.04.24 21:26:00.905,6.57129,6.57588,1.18,1.18
2014.04.24 21:26:01.814,6.57108,6.57452,1.18,1.18
2014.04.24 21:26:01.864,6.57027,6.57452,1.18,1.18
2014.04.24 21:26:42.582,6.57025,6.57452,1.18,1.18
2014.04.24 21:27:03.571,6.57028,6.57454,1.18,1.18
2014.04.24 21:27:24.556,6.57027,6.57453,1.18,1.18
2014.04.24 21:27:45.541,6.57032,6.57458,1.18,1.18
2014.04.24 21:28:27.550,6.57031,6.57458,1.18,1.18
2014.04.24 21:28:48.424,6.5703,6.57457,1.18,1.18
2014.04.24 21:29:01.309,6.57113,6.57457,1.18,1.18
2014.04.24 21:29:01.360,6.57133,6.57565,1.18,1.18
2014.04.24 21:29:02.340,6.57133,6.57477,1.18,1.18
2014.04.24 21:29:02.391,6.57031,6.57456,1.18,1.18
2014.04.24 21:29:07.349,6.57031,6.57223,1.18,1.50
2014.04.24 21:29:07.400,6.56847,6.57216,1.00,1.18
2014.04.24 21:29:07.551,6.56888,6.57216,1.00,1.18
2014.04.24 21:29:07.601,6.56888,6.57223,1.00,1.50
2014.04.24 21:29:07.702,6.56971,6.57398,1.18,1.18
2014.04.24 21:29:07.974,6.56983,6.57398,1.00,1.18
2014.04.24 21:29:09.290,6.56983,6.57255,1.00,1.18
2014.04.24 21:29:09.541,6.56848,6.57209,1.00,1.18
2014.04.24 21:29:09.642,6.56878,6.57209,1.00,1.18
2014.04.24 21:29:09.693,6.56938,6.57274,1.50,1.18
2014.04.24 21:29:09.743,6.56938,6.57274,1.58,1.18
2014.04.24 21:29:09.794,6.56957,6.57382,1.18,1.18
2014.04.24 21:29:09.952,6.56983,6.57382,1.00,1.18
2014.04.24 21:29:10.260,6.56983,6.57099,1.00,1.18
2014.04.24 21:29:10.419,6.56862,6.57099,1.18,1.18
2014.04.24 21:29:11.082,6.56842,6.57036,1.18,1.18
2014.04.24 21:29:11.183,6.568,6.57036,1.18,1.18
2014.04.24 21:29:15.679,6.568,6.57022,1.18,1.00
2014.04.24 21:29:15.990,6.5663,6.57022,1.18,1.00
2014.04.24 21:29:16.091,6.5661,6.56979,1.18,1.18
2014.04.24 21:29:16.143,6.56608,6.56979,1.00,1.18
2014.04.24 21:29:16.294,6.56608,6.57012,1.00,1.10
2014.04.24 21:29:17.659,6.56607,6.57003,1.00,1.00
2014.04.24 21:29:20.266,6.56607,6.57003,1.00,1.65
2014.04.24 21:29:20.822,6.56607,6.56982,1.00,1.18
2014.04.24 21:29:23.819,6.56618,6.56982,1.00,1.18
2014.04.24 21:29:23.920,6.56675,6.57102,2.10,1.00
2014.04.24 21:29:25.689,6.56758,6.57102,1.00,1.00
2014.04.24 21:29:26.678,6.56807,6.57103,1.00,1.00
2014.04.24 21:29:27.668,6.56818,6.57102,1.00,1.00
2014.04.24 21:29:28.658,6.56828,6.57102,1.00,1.00
2014.04.24 21:29:34.205,6.56827,6.57117,1.00,1.00
2014.04.24 21:29:34.407,6.56827,6.57123,1.00,1.00
2014.04.24 21:29:34.639,6.56748,6.57113,1.00,1.00
2014.04.24 21:29:34.841,6.56623,6.57014,1.00,1.00
2014.04.24 21:29:40.649,6.56627,6.57014,1.00,1.00
2014.04.24 21:30:36.059,6.56627,6.57023,1.00,1.00
2014.04.24 21:30:40.674,6.56474,6.57162,1.74,1.74
2014.04.24 21:32:35.331,6.56493,6.57137,1.00,1.00
2014.04.24 21:32:35.847,6.56492,6.57137,1.00,1.00
2014.04.24 21:32:55.678,6.56492,6.57136,1.00,1.00
2014.04.24 21:32:56.480,6.56492,6.57135,1.00,1.00
2014.04.24 21:33:25.624,6.56492,6.57134,1.00,1.00
2014.04.24 21:33:26.528,6.56492,6.57136,1.00,1.00
2014.04.24 21:33:45.355,6.56493,6.57132,1.00,1.00
2014.04.24 21:33:49.567,6.56628,6.57022,1.00,1.00
2014.04.24 21:34:59.684,6.56493,6.57129,1.00,1.00
2014.04.24 21:35:15.672,6.56493,6.57128,1.00,1.00
2014.04.24 21:35:26.502,6.56492,6.57134,1.00,1.00
2014.04.24 21:35:35.323,6.56492,6.57133,1.00,1.00
2014.04.24 21:36:05.341,6.56493,6.57131,1.00,1.00
2014.04.24 21:36:29.354,6.56608,6.57022,1.00,1.00
2014.04.24 21:36:29.700,6.56608,6.5699,1.00,1.00
2014.04.24 21:36:29.982,6.56622,6.57015,1.00,1.00
2014.04.24 21:36:36.735,6.56627,6.57015,1.00,1.00
2014.04.24 21:37:09.173,6.56638,6.57015,1.00,1.00
2014.04.24 21:37:30.113,6.56638,6.57032,1.00,1.00
2014.04.24 21:38:10.191,6.56518,6.57118,1.00,1.00
2014.04.24 21:38:29.201,6.56627,6.57023,1.00,1.00
2014.04.24 21:39:29.956,6.56492,6.5713,1.00,1.00
2014.04.24 21:39:53.053,6.56492,6.57125,1.00,1.00
2014.04.24 21:39:55.356,6.56493,6.57123,1.00,1.00
2014.04.24 21:40:05.674,6.56492,6.57123,1.00,1.00
2014.04.24 21:40:33.281,6.56618,6.57022,1.00,1.00
2014.04.24 21:40:37.350,6.56598,6.57012,1.00,1.00
2014.04.24 21:40:37.529,6.56598,6.56991,1.50,1.00
2014.04.24 21:40:41.164,6.56597,6.56967,1.00,1.00
2014.04.24 21:40:41.364,6.56578,6.56967,1.00,1.00
2014.04.24 21:40:42.691,6.56577,6.56967,1.00,1.00
2014.04.24 21:40:44.660,6.56578,6.56967,1.00,1.00
2014.04.24 21:40:48.739,6.56577,6.56967,1.00,1.00
2014.04.24 21:41:41.621,6.56577,6.56973,1.00,1.00
2014.04.24 21:41:48.810,6.5647,6.57069,1.00,1.00
2014.04.24 21:42:37.100,6.56567,6.56973,1.00,1.00
2014.04.24 21:42:41.697,6.56568,6.56962,1.00,1.00
2014.04.24 21:42:56.028,6.56578,6.56992,1.00,1.00
2014.04.24 21:42:58.747,6.56587,6.56993,1.00,1.00
2014.04.24 21:43:02.706,6.56598,6.56992,1.00,1.00
2014.04.24 21:43:16.159,6.56578,6.56982,1.00,1.00
2014.04.24 21:43:20.635,6.56577,6.56973,1.00,1.00
2014.04.24 21:43:25.721,6.56588,6.56992,1.00,1.00
2014.04.24 21:43:29.655,6.56597,6.56993,1.00,1.00
2014.04.24 21:44:31.336,6.56444,6.57087,1.60,1.00
2014.04.24 21:44:32.706,6.56598,6.57002,1.00,1.00
2014.04.24 21:44:33.023,6.56599,6.5699,1.00,1.00
2014.04.24 21:44:36.644,6.56608,6.5699,1.00,1.00
2014.04.24 21:45:24.715,6.56617,6.5699,1.00,1.00
2014.04.24 21:45:33.216,6.56617,6.57013,1.00,1.00
2014.04.24 21:45:54.635,6.56608,6.57012,1.00,1.00
2014.04.24 21:45:58.703,6.56608,6.57002,1.00,1.00
2014.04.24 21:46:41.154,6.56608,6.57012,1.00,1.00
2014.04.24 21:46:45.663,6.56617,6.57013,1.00,1.00
2014.04.24 21:47:16.353,6.56628,6.57013,1.00,1.00
2014.04.24 21:47:17.672,6.56637,6.57013,1.00,1.00
2014.04.24 21:47:18.662,6.56648,6.57012,1.00,1.00
2014.04.24 21:47:44.292,6.56687,6.57021,1.00,1.00
2014.04.24 21:47:44.595,6.56687,6.57133,1.00,1.00
2014.04.24 21:47:45.721,6.56698,6.57133,1.00,1.00
2014.04.24 21:47:45.912,6.56698,6.57319,1.00,1.00
2014.04.24 21:47:46.054,6.56688,6.57319,1.00,1.00
2014.04.24 21:47:46.154,6.56688,6.57323,1.00,1.00
2014.04.24 21:47:59.566,6.56688,6.5738,1.00,1.00
2014.04.24 21:47:59.633,6.56688,6.57322,1.00,1.00
2014.04.24 21:48:00.742,6.5671,6.57322,1.18,1.00
2014.04.24 21:48:00.993,6.5673,6.57433,1.18,1.00
2014.04.24 21:48:01.856,6.5673,6.57397,1.18,1.34
2014.04.24 21:48:01.907,6.56688,6.57397,1.00,1.34
2014.04.24 21:48:02.059,6.56688,6.57312,1.00,1.00
2014.04.24 21:48:11.402,6.56688,6.57397,1.00,1.27
2014.04.24 21:48:11.453,6.56688,6.57412,1.00,1.18
2014.04.24 21:48:11.803,6.56698,6.57412,1.00,1.18
2014.04.24 21:48:15.607,6.56698,6.57458,1.00,1.18
2014.04.24 21:48:16.631,6.56708,6.57458,1.00,1.18
2014.04.24 21:48:35.502,6.56708,6.57454,1.00,1.18
2014.04.24 21:48:49.523,6.56707,6.57454,1.00,1.18
2014.04.24 21:48:50.594,6.56707,6.57398,1.00,1.00
2014.04.24 21:48:51.908,6.56707,6.57416,1.00,1.00
2014.04.24 21:49:01.033,6.56707,6.57454,1.00,1.18
2014.04.24 21:49:01.134,6.56776,6.57473,1.18,1.18
2014.04.24 21:49:01.186,6.56776,6.576,1.18,1.08
2014.04.24 21:49:02.104,6.56776,6.57601,1.18,1.26
2014.04.24 21:49:02.518,6.56707,6.57335,1.00,1.00
2014.04.24 21:49:03.323,6.56707,6.57358,1.00,1.00
2014.04.24 21:49:04.425,6.56707,6.57368,1.00,1.00
2014.04.24 21:49:08.433,6.56707,6.57369,1.00,1.00
2014.04.24 21:49:10.541,6.56707,6.57336,1.00,1.00
2014.04.24 21:49:11.346,6.56707,6.57337,1.00,1.00
2014.04.24 21:49:12.554,6.56707,6.57342,1.00,1.00
2014.04.24 21:49:17.572,6.56707,6.57344,1.00,1.00
2014.04.24 21:49:18.575,6.56707,6.57343,1.00,1.00
2014.04.24 21:49:25.090,6.56707,6.57365,1.00,1.00
2014.04.24 21:49:28.095,6.56707,6.57364,1.00,1.00
2014.04.24 21:49:29.096,6.56707,6.57366,1.00,1.00
2014.04.24 21:49:36.615,6.56707,6.573,1.00,1.00
2014.04.24 21:49:37.719,6.56707,6.57322,1.00,1.00
2014.04.24 21:49:40.726,6.56707,6.57323,1.00,1.00
2014.04.24 21:49:42.132,6.56707,6.57347,1.00,1.00
2014.04.24 21:49:43.134,6.56707,6.57346,1.00,1.00
2014.04.24 21:49:46.145,6.56707,6.57347,1.00,1.00
2014.04.24 21:49:47.147,6.56707,6.57345,1.00,1.00
2014.04.24 21:49:48.552,6.56707,6.57365,1.00,1.00
2014.04.24 21:50:02.430,6.56707,6.57366,1.00,1.00
2014.04.24 21:50:03.732,6.56707,6.57367,1.00,1.00
2014.04.24 21:50:09.691,6.56682,6.57367,1.00,1.00
2014.04.24 21:50:11.512,6.56668,6.57367,1.50,1.00
2014.04.24 21:50:25.228,6.56668,6.5734,1.50,1.00
2014.04.24 21:50:26.362,6.56668,6.57386,1.50,1.00
2014.04.24 21:51:00.617,6.56732,6.57463,1.00,1.18
2014.04.24 21:51:00.724,6.56783,6.5761,1.18,1.08
2014.04.24 21:51:01.603,6.56783,6.57569,1.18,1.00
2014.04.24 21:51:02.120,6.56668,6.57424,1.50,1.18
2014.04.24 21:51:27.674,6.56668,6.57349,1.50,1.00
2014.04.24 21:51:29.679,6.56668,6.57376,1.50,1.00
2014.04.24 21:51:38.689,6.56668,6.57377,1.50,1.00
2014.04.24 21:51:42.703,6.56668,6.57379,1.50,1.00
2014.04.24 21:51:54.743,6.56668,6.57377,1.50,1.00
2014.04.24 21:51:57.738,6.56668,6.57379,1.50,1.00
2014.04.24 21:52:00.869,6.5676,6.57423,1.18,1.18
2014.04.24 21:52:00.920,6.5678,6.57603,1.18,1.18
2014.04.24 21:52:01.898,6.5678,6.57559,1.18,1.00
2014.04.24 21:52:02.239,6.56668,6.57414,1.50,1.18
2014.04.24 21:52:44.607,6.56589,6.57414,1.18,1.18
2014.04.24 21:52:47.179,6.56589,6.57349,1.18,1.00
2014.04.24 21:52:48.481,6.56589,6.5737,1.18,1.00
2014.04.24 21:52:50.168,6.56589,6.57373,1.18,1.00
2014.04.24 21:53:00.187,6.56589,6.57372,1.18,1.00
2014.04.24 21:53:00.937,6.56651,6.57372,1.18,1.00
2014.04.24 21:53:00.991,6.56651,6.57433,1.18,1.18
2014.04.24 21:53:01.092,6.56766,6.57496,1.18,1.18
2014.04.24 21:53:01.152,6.56766,6.57591,1.18,1.18
2014.04.24 21:53:02.051,6.56766,6.57529,1.18,1.00
2014.04.24 21:53:02.152,6.56583,6.57406,1.18,1.18
2014.04.24 21:53:22.461,6.56586,6.57411,1.18,1.18
2014.04.24 21:53:27.419,6.56672,6.57411,1.00,1.18
2014.04.24 21:53:28.421,6.56658,6.57411,1.00,1.18
2014.04.24 21:53:29.423,6.56652,6.57411,1.00,1.18
2014.04.24 21:53:34.433,6.5665,6.57411,1.00,1.18
2014.04.24 21:53:43.449,6.56658,6.57411,1.00,1.18
2014.04.24 21:53:47.031,6.56708,6.57411,1.00,1.18
2014.04.24 21:53:51.646,6.56717,6.57411,1.00,1.18
2014.04.24 21:54:01.141,6.56814,6.57431,1.18,1.18
2014.04.24 21:54:01.192,6.56814,6.57559,1.18,1.00
2014.04.24 21:54:01.243,6.56814,6.57639,1.18,1.18
2014.04.24 21:54:01.841,6.56814,6.57622,1.18,1.18
2014.04.24 21:54:01.891,6.56778,6.57603,1.18,1.18
2014.04.24 21:54:02.206,6.56778,6.57412,1.18,1.18
2014.04.24 21:54:02.257,6.56717,6.57393,1.00,1.18
2014.04.24 21:54:22.499,6.56717,6.57412,1.00,1.18
2014.04.24 21:54:22.877,6.56717,6.57422,1.00,1.18
2014.04.24 21:54:42.523,6.56717,6.5742,1.00,1.18
2014.04.24 21:54:48.633,6.56717,6.57347,1.00,1.00
2014.04.24 21:54:51.572,6.56717,6.57375,1.00,1.00
2014.04.24 21:54:51.708,6.56595,6.57375,1.18,1.00
2014.04.24 21:54:52.051,6.56707,6.57375,1.00,1.00
2014.04.24 21:54:55.678,6.56708,6.57375,1.00,1.00
2014.04.24 21:55:00.568,6.56708,6.5737,1.00,1.00
2014.04.24 21:55:01.573,6.56708,6.57369,1.00,1.00
2014.04.24 21:55:48.802,6.56708,6.57417,1.00,1.18
2014.04.24 21:55:48.905,6.56708,6.57482,1.00,1.18
2014.04.24 21:55:49.006,6.56783,6.57608,1.18,1.18
2014.04.24 21:55:49.809,6.56783,6.5756,1.18,1.00
2014.04.24 21:55:50.135,6.56708,6.57388,1.00,1.18
2014.04.24 21:55:50.456,6.56678,6.57388,1.00,1.18
2014.04.24 21:55:50.608,6.56667,6.57388,1.00,1.18
2014.04.24 21:55:50.720,6.56657,6.57388,1.00,1.18
2014.04.24 21:55:51.230,6.56658,6.57388,1.00,1.18
2014.04.24 21:55:53.645,6.56668,6.57388,1.00,1.18
2014.04.24 21:55:56.726,6.56667,6.57388,1.00,1.18
2014.04.24 21:55:57.756,6.56678,6.57388,1.00,1.18
2014.04.24 21:56:01.328,6.56756,6.57573,1.18,1.10
2014.04.24 21:56:01.429,6.56802,6.5762,1.18,1.10
2014.04.24 21:56:02.325,6.56782,6.57418,1.18,1.18
2014.04.24 21:56:02.426,6.56688,6.57418,1.00,1.18
2014.04.24 21:56:03.657,6.56697,6.57418,1.00,1.18
2014.04.24 21:56:07.727,6.56707,6.57418,1.00,1.18
2014.04.24 21:56:22.568,6.56707,6.57417,1.00,1.18
2014.04.24 21:56:43.202,6.56707,6.57418,1.00,1.18
2014.04.24 21:57:01.367,6.56783,6.5757,1.18,1.00
2014.04.24 21:57:01.469,6.56783,6.57608,1.18,1.18
2014.04.24 21:57:02.321,6.56707,6.57415,1.00,1.18
2014.04.24 21:57:07.786,6.56667,6.57415,1.50,1.18
2014.04.24 21:57:22.562,6.56667,6.57416,1.50,1.18
2014.04.24 21:57:43.195,6.56667,6.57414,1.50,1.18
2014.04.24 21:58:01.333,6.56762,6.57414,1.18,1.18
2014.04.24 21:58:01.384,6.56781,6.57606,1.18,1.18
2014.04.24 21:58:02.260,6.56781,6.57559,1.18,1.00
2014.04.24 21:58:02.732,6.56708,6.57386,1.00,1.18
2014.04.24 21:58:22.598,6.56708,6.57405,1.00,1.18
2014.04.24 21:58:22.649,6.56708,6.57415,1.00,1.18
2014.04.24 21:59:01.234,6.56788,6.5756,0.10,0.75
2014.04.24 21:59:01.335,6.56788,6.57601,0.10,0.10
2014.04.24 21:59:01.407,6.56824,6.57637,0.10,0.10
2014.04.24 21:59:02.222,6.56824,6.57569,0.10,0.75
2014.04.24 21:59:02.565,6.56708,6.57413,0.75,0.10
2014.04.24 21:59:02.963,6.56667,6.57413,1.50,0.10
2014.04.24 21:59:22.643,6.56667,6.57407,1.50,0.10
2014.04.24 21:59:42.547,6.56667,6.57403,1.50,0.10
