2014.09.04 05:00:00.301,7.00458,7.00721,1.19,1.00
2014.09.04 05:00:01.420,7.00451,7.00721,1.19,1.00
2014.09.04 05:00:02.129,7.00451,7.0072,1.19,1.00
2014.09.04 05:00:02.407,7.00455,7.0072,1.19,1.00
2014.09.04 05:00:03.131,7.00455,7.00721,1.19,1.00
2014.09.04 05:00:04.511,7.00454,7.00721,1.19,1.00
2014.09.04 05:00:05.714,7.00453,7.00721,1.19,1.00
2014.09.04 05:00:07.555,7.00455,7.00721,1.19,1.00
2014.09.04 05:00:08.618,7.00454,7.00721,1.19,1.00
2014.09.04 05:00:12.324,7.00459,7.00721,1.19,1.00
2014.09.04 05:00:13.726,7.00458,7.00721,1.19,1.00
2014.09.04 05:00:16.134,7.0045,7.00721,1.91,1.00
2014.09.04 05:00:17.133,7.00452,7.00721,1.19,1.00
2014.09.04 05:00:18.736,7.0045,7.00721,1.49,1.00
2014.09.04 05:00:20.539,7.00453,7.00721,1.19,1.00
2014.09.04 05:00:21.540,7.00452,7.00721,1.19,1.00
2014.09.04 05:00:22.942,7.00453,7.00721,1.19,1.00
2014.09.04 05:00:24.144,7.00455,7.00721,1.19,1.00
2014.09.04 05:00:27.051,7.0045,7.00721,1.91,1.00
2014.09.04 05:00:30.055,7.00451,7.00721,1.19,1.00
2014.09.04 05:00:31.862,7.00452,7.00721,1.19,1.00
2014.09.04 05:00:32.861,7.0045,7.00721,1.91,1.00
2014.09.04 05:00:33.901,7.0045,7.00721,1.49,1.00
2014.09.04 05:00:34.867,7.0045,7.00721,1.49,1.00
2014.09.04 05:00:36.971,7.00444,7.00721,1.19,1.00
2014.09.04 05:00:38.086,7.00446,7.00721,1.19,1.00
2014.09.04 05:00:39.187,7.00449,7.00721,1.19,1.00
2014.09.04 05:00:41.680,7.00448,7.00721,1.19,1.00
2014.09.04 05:00:42.781,7.00442,7.00721,1.19,1.00
2014.09.04 05:00:43.169,7.00442,7.00717,1.19,1.00
2014.09.04 05:00:43.270,7.00442,7.0072,1.19,1.00
2014.09.04 05:00:43.784,7.00427,7.0072,1.19,1.00
2014.09.04 05:00:44.441,7.00427,7.00721,1.19,1.00
2014.09.04 05:00:46.533,7.00425,7.00721,1.19,1.00
2014.09.04 05:00:47.548,7.00426,7.00721,1.19,1.25
2014.09.04 05:00:49.925,7.00429,7.00721,1.19,1.00
2014.09.04 05:00:50.930,7.00432,7.00721,1.19,1.00
2014.09.04 05:00:53.305,7.00429,7.00721,1.19,1.00
2014.09.04 05:00:54.606,7.00428,7.00721,1.19,1.00
2014.09.04 05:00:55.626,7.00432,7.00721,1.19,1.00
2014.09.04 05:00:56.468,7.00432,7.0072,1.19,1.00
2014.09.04 05:00:57.511,7.00426,7.0072,1.19,1.00
2014.09.04 05:00:58.613,7.00432,7.0072,1.19,1.00
2014.09.04 05:01:00.116,7.00433,7.0072,1.19,1.00
2014.09.04 05:01:01.118,7.00432,7.0072,1.19,1.00
2014.09.04 05:01:01.658,7.00433,7.00721,1.19,1.00
2014.09.04 05:01:01.961,7.00443,7.00721,1.00,1.00
2014.09.04 05:01:02.497,7.00443,7.00721,1.19,1.00
2014.09.04 05:01:03.250,7.00449,7.00721,1.19,1.00
2014.09.04 05:01:04.225,7.00448,7.00721,1.19,1.00
2014.09.04 05:01:05.338,7.00447,7.00721,1.19,1.00
2014.09.04 05:01:09.936,7.00447,7.00721,1.19,1.00
2014.09.04 05:01:11.040,7.00451,7.00721,1.19,1.00
2014.09.04 05:01:13.043,7.00448,7.00721,1.19,1.00
2014.09.04 05:01:14.345,7.00456,7.00721,1.19,1.00
2014.09.04 05:01:15.947,7.00448,7.00721,1.19,1.00
2014.09.04 05:01:17.853,7.00446,7.00721,1.19,1.00
2014.09.04 05:01:20.080,7.00449,7.00721,1.19,1.00
2014.09.04 05:01:22.062,7.0045,7.00721,1.19,1.00
2014.09.04 05:01:23.965,7.00449,7.00721,1.19,1.00
2014.09.04 05:01:31.879,7.00456,7.00721,1.19,1.00
2014.09.04 05:01:33.118,7.00447,7.00721,1.19,1.00
2014.09.04 05:01:34.082,7.00451,7.00721,1.19,1.00
2014.09.04 05:01:35.764,7.00451,7.00747,1.19,1.00
2014.09.04 05:01:38.089,7.00457,7.00747,1.19,1.00
2014.09.04 05:01:40.192,7.00453,7.00747,1.19,1.00
2014.09.04 05:01:41.733,7.00449,7.00747,1.19,1.00
2014.09.04 05:01:43.097,7.00446,7.00747,1.19,1.00
2014.09.04 05:01:44.800,7.00446,7.00747,1.19,1.00
2014.09.04 05:01:45.101,7.00453,7.00757,1.25,1.25
2014.09.04 05:01:47.336,7.00453,7.00757,1.19,1.00
2014.09.04 05:01:52.313,7.00455,7.00757,1.19,1.00
2014.09.04 05:01:54.116,7.00453,7.00757,1.19,1.00
2014.09.04 05:01:55.919,7.00453,7.00757,1.19,1.00
2014.09.04 05:02:00.927,7.00453,7.00757,1.19,1.00
2014.09.04 05:02:02.038,7.00453,7.00757,1.19,1.00
2014.09.04 05:02:03.066,7.00453,7.00757,1.00,1.00
2014.09.04 05:02:09.143,7.00453,7.00757,1.19,1.00
2014.09.04 05:02:10.145,7.00453,7.00757,1.19,1.00
2014.09.04 05:02:14.853,7.00454,7.00757,1.19,1.00
2014.09.04 05:02:15.908,7.00453,7.00757,1.19,1.00
2014.09.04 05:02:19.762,7.00453,7.00757,1.19,1.00
2014.09.04 05:02:22.583,7.00456,7.00757,1.19,1.00
2014.09.04 05:02:23.570,7.00453,7.00757,1.25,1.00
2014.09.04 05:02:25.974,7.00453,7.00757,1.19,1.00
2014.09.04 05:02:27.578,7.00453,7.00757,1.00,1.25
2014.09.04 05:02:28.585,7.00453,7.00757,1.69,1.00
2014.09.04 05:02:31.128,7.00453,7.00757,1.25,1.00
2014.09.04 05:02:41.405,7.00453,7.00757,1.00,1.19
2014.09.04 05:02:43.108,7.00453,7.00757,1.00,1.00
2014.09.04 05:02:56.230,7.00453,7.00757,1.19,1.00
2014.09.04 05:03:00.036,7.00453,7.00757,1.00,1.00
2014.09.04 05:03:01.038,7.00453,7.00757,1.19,1.00
2014.09.04 05:03:02.841,7.00453,7.00757,1.25,1.00
2014.09.04 05:03:04.964,7.00447,7.00747,1.19,1.00
2014.09.04 05:03:06.284,7.00453,7.00747,1.19,1.00
2014.09.04 05:03:07.351,7.00459,7.00747,1.19,1.00
2014.09.04 05:03:10.755,7.00455,7.00747,1.19,1.00
2014.09.04 05:03:12.057,7.00456,7.00747,1.19,1.00
2014.09.04 05:03:13.101,7.00453,7.00747,1.19,1.00
2014.09.04 05:03:14.288,7.00456,7.00747,1.19,1.00
2014.09.04 05:03:15.265,7.00457,7.00747,1.19,1.00
2014.09.04 05:03:16.467,7.00458,7.00747,1.19,1.00
2014.09.04 05:03:17.471,7.00457,7.00747,1.19,1.00
2014.09.04 05:03:20.777,7.00456,7.00747,1.19,1.00
2014.09.04 05:03:21.879,7.00457,7.00747,1.19,1.00
2014.09.04 05:03:24.274,7.00457,7.00737,1.19,1.00
2014.09.04 05:03:25.095,7.00445,7.00737,1.19,1.00
2014.09.04 05:03:25.154,7.00445,7.00747,1.19,1.00
2014.09.04 05:03:26.697,7.00451,7.00747,1.19,1.00
2014.09.04 05:03:27.795,7.0045,7.00737,1.19,1.00
2014.09.04 05:03:27.947,7.0045,7.00746,1.19,1.00
2014.09.04 05:03:28.454,7.0045,7.00747,1.19,1.00
2014.09.04 05:03:30.597,7.00449,7.00747,1.19,1.00
2014.09.04 05:03:31.699,7.00448,7.00747,1.19,1.00
2014.09.04 05:03:35.004,7.00447,7.00747,1.19,1.00
2014.09.04 05:03:36.426,7.00451,7.00747,1.19,1.00
2014.09.04 05:03:37.808,7.00452,7.00747,1.19,1.00
2014.09.04 05:03:41.663,7.00451,7.00747,1.19,1.00
2014.09.04 05:03:42.816,7.00452,7.00747,1.19,1.00
2014.09.04 05:03:48.324,7.00456,7.00747,1.19,1.00
2014.09.04 05:03:50.627,7.00452,7.00747,1.19,1.00
2014.09.04 05:03:53.733,7.0045,7.00747,1.19,1.00
2014.09.04 05:03:54.848,7.00453,7.00747,1.19,1.00
2014.09.04 05:03:56.138,7.00455,7.00747,1.19,1.00
2014.09.04 05:03:58.140,7.00453,7.00747,1.19,1.00
2014.09.04 05:04:01.546,7.00455,7.00747,1.19,1.00
2014.09.04 05:04:02.848,7.00451,7.00747,1.19,1.00
2014.09.04 05:04:05.453,7.00452,7.00747,1.19,1.00
2014.09.04 05:04:06.465,7.00455,7.00747,1.19,1.00
2014.09.04 05:04:08.272,7.00455,7.00747,1.19,1.00
2014.09.04 05:04:09.558,7.00451,7.00747,1.19,1.00
2014.09.04 05:04:10.562,7.0045,7.00747,1.19,1.00
2014.09.04 05:04:14.571,7.00449,7.00747,1.19,1.00
2014.09.04 05:04:16.071,7.00453,7.00747,1.19,1.00
2014.09.04 05:04:20.779,7.00452,7.00747,1.19,1.00
2014.09.04 05:04:21.813,7.00453,7.00757,1.19,1.00
2014.09.04 05:04:22.068,7.00451,7.00747,1.19,1.00
2014.09.04 05:04:22.983,7.00456,7.00747,1.19,1.00
2014.09.04 05:04:24.085,7.00453,7.00747,1.19,1.00
2014.09.04 05:04:28.392,7.00451,7.00747,1.19,1.00
2014.09.04 05:04:29.595,7.00453,7.00747,1.19,1.00
2014.09.04 05:04:32.402,7.00458,7.00747,1.19,1.00
2014.09.04 05:04:33.509,7.0045,7.00747,1.19,1.00
2014.09.04 05:04:34.506,7.00455,7.00747,1.19,1.00
2014.09.04 05:04:38.112,7.00453,7.00747,1.19,1.00
2014.09.04 05:04:39.515,7.00452,7.00747,1.19,1.00
2014.09.04 05:04:40.655,7.00453,7.00747,1.19,1.00
2014.09.04 05:04:42.521,7.00454,7.00747,1.19,1.00
2014.09.04 05:04:43.523,7.00455,7.00747,1.19,1.00
2014.09.04 05:04:44.525,7.00454,7.00747,1.19,1.00
2014.09.04 05:04:46.627,7.00455,7.00747,1.19,1.00
2014.09.04 05:04:48.130,7.00449,7.00747,1.19,1.00
2014.09.04 05:04:50.634,7.00446,7.00747,1.19,1.00
2014.09.04 05:04:51.836,7.00448,7.00747,1.19,1.00
2014.09.04 05:04:55.141,7.00449,7.00747,1.19,1.00
2014.09.04 05:04:56.830,7.00448,7.00747,1.19,1.00
2014.09.04 05:04:57.746,7.00456,7.00747,1.19,1.00
2014.09.04 05:05:00.149,7.00451,7.00747,1.19,1.00
2014.09.04 05:05:02.756,7.00451,7.00747,1.19,1.00
2014.09.04 05:05:03.775,7.00451,7.00747,1.19,1.00
2014.09.04 05:05:06.162,7.00452,7.00747,1.19,1.00
2014.09.04 05:05:07.664,7.00452,7.00747,1.19,1.00
2014.09.04 05:05:09.968,7.00453,7.00747,1.19,1.00
2014.09.04 05:05:11.069,7.00454,7.00747,1.19,1.00
2014.09.04 05:05:12.273,7.00451,7.00747,1.19,1.00
2014.09.04 05:05:12.324,7.00451,7.00737,1.19,1.00
2014.09.04 05:05:12.529,7.00451,7.00746,1.19,1.00
2014.09.04 05:05:13.675,7.00454,7.00746,1.19,1.00
2014.09.04 05:05:14.776,7.00453,7.00746,1.19,1.00
2014.09.04 05:05:16.079,7.00451,7.00746,1.19,1.00
2014.09.04 05:05:20.112,7.00456,7.00746,1.19,1.00
2014.09.04 05:05:21.488,7.00454,7.00746,1.19,1.00
2014.09.04 05:05:24.836,7.00455,7.00746,1.19,1.00
2014.09.04 05:05:26.799,7.00454,7.00746,1.19,1.00
2014.09.04 05:05:27.253,7.00454,7.00737,1.19,1.00
2014.09.04 05:05:28.003,7.00456,7.00737,1.19,1.00
2014.09.04 05:05:32.111,7.00457,7.00737,1.19,1.00
2014.09.04 05:05:36.439,7.00458,7.00737,1.19,1.00
2014.09.04 05:05:37.922,7.00453,7.00737,1.19,1.00
2014.09.04 05:05:38.583,7.00453,7.00747,1.19,1.00
2014.09.04 05:05:39.425,7.00457,7.00747,1.19,1.00
2014.09.04 05:05:40.527,7.00454,7.00747,1.19,1.00
2014.09.04 05:05:41.929,7.00454,7.00747,1.19,1.00
2014.09.04 05:05:43.132,7.00455,7.00747,1.19,1.00
2014.09.04 05:05:44.435,7.00455,7.00747,1.19,1.00
2014.09.04 05:05:45.911,7.00455,7.00737,1.19,1.00
2014.09.04 05:05:46.137,7.0045,7.00737,1.19,1.00
2014.09.04 05:05:47.239,7.00451,7.00737,1.19,1.00
2014.09.04 05:05:48.264,7.00451,7.00737,1.19,1.00
2014.09.04 05:05:49.443,7.00455,7.00737,1.19,1.00
2014.09.04 05:05:50.545,7.00457,7.00737,1.19,1.00
2014.09.04 05:05:51.548,7.00446,7.00737,1.91,1.00
2014.09.04 05:05:52.649,7.00446,7.00737,1.91,1.00
2014.09.04 05:05:53.752,7.00447,7.00737,1.19,1.00
2014.09.04 05:05:55.657,7.00446,7.00737,1.91,1.00
2014.09.04 05:05:56.759,7.00446,7.00737,1.49,1.00
2014.09.04 05:05:57.101,7.00446,7.00727,1.49,1.00
2014.09.04 05:05:58.885,7.00446,7.00727,1.30,1.00
2014.09.04 05:06:01.896,7.00424,7.00727,1.91,1.00
2014.09.04 05:06:03.072,7.00439,7.00727,1.19,1.00
2014.09.04 05:06:03.123,7.00439,7.00737,1.19,1.00
2014.09.04 05:06:03.551,7.00439,7.00727,1.19,1.00
2014.09.04 05:06:04.093,7.00434,7.00727,1.19,1.00
2014.09.04 05:06:05.276,7.00433,7.00727,1.19,1.00
2014.09.04 05:06:06.378,7.0043,7.00727,1.19,1.00
2014.09.04 05:06:07.381,7.00425,7.00727,1.19,1.00
2014.09.04 05:06:08.683,7.00428,7.00727,1.19,1.00
2014.09.04 05:06:14.793,7.00426,7.00727,1.19,1.00
2014.09.04 05:06:15.896,7.00429,7.00727,1.19,1.00
2014.09.04 05:06:17.098,7.00424,7.00727,1.49,1.00
2014.09.04 05:06:19.802,7.00424,7.00727,1.49,1.00
2014.09.04 05:06:21.105,7.00424,7.00727,1.49,1.00
2014.09.04 05:06:22.107,7.00425,7.00727,1.49,1.00
2014.09.04 05:06:23.410,7.00425,7.00727,1.49,1.00
2014.09.04 05:06:24.511,7.00425,7.00727,1.49,1.00
2014.09.04 05:06:26.139,7.00425,7.00727,1.16,1.00
2014.09.04 05:06:27.417,7.00425,7.00727,1.49,1.00
2014.09.04 05:06:29.421,7.00425,7.00727,1.49,1.00
2014.09.04 05:06:33.228,7.00425,7.00727,1.49,1.00
2014.09.04 05:06:34.330,7.00425,7.00727,1.91,1.00
2014.09.04 05:06:35.332,7.00425,7.00727,1.49,1.00
2014.09.04 05:06:40.641,7.00425,7.00727,1.49,1.00
2014.09.04 05:06:42.043,7.00423,7.00727,1.19,1.00
2014.09.04 05:06:43.145,7.00423,7.00727,1.19,1.00
2014.09.04 05:06:45.750,7.00423,7.00727,1.19,1.00
2014.09.04 05:06:46.233,7.00421,7.00717,1.49,1.00
2014.09.04 05:06:46.952,7.00424,7.00717,1.19,1.00
2014.09.04 05:06:48.054,7.00421,7.00717,1.91,1.00
2014.09.04 05:06:51.491,7.00421,7.00717,1.49,1.00
2014.09.04 05:06:52.563,7.00421,7.00717,1.91,1.00
2014.09.04 05:06:53.566,7.00421,7.00717,1.49,1.00
2014.09.04 05:06:54.869,7.00421,7.00717,1.30,1.00
2014.09.04 05:06:55.477,7.00421,7.00707,1.30,2.74
2014.09.04 05:06:55.871,7.00421,7.00707,1.49,1.99
2014.09.04 05:06:56.873,7.00421,7.00707,1.91,1.99
2014.09.04 05:07:00.078,7.00423,7.00707,1.19,1.99
2014.09.04 05:07:00.671,7.00424,7.00707,1.94,1.99
2014.09.04 05:07:01.107,7.00443,7.00707,1.00,1.99
2014.09.04 05:07:01.209,7.00433,7.00737,1.19,1.00
2014.09.04 05:07:01.310,7.00432,7.00727,1.19,1.00
2014.09.04 05:07:01.462,7.00433,7.00737,1.19,1.00
2014.09.04 05:07:01.994,7.00441,7.00737,1.30,1.00
2014.09.04 05:07:02.440,7.00452,7.00737,1.19,1.00
2014.09.04 05:07:03.286,7.00446,7.00737,1.19,1.00
2014.09.04 05:07:04.432,7.00444,7.00737,1.19,1.00
2014.09.04 05:07:06.293,7.00447,7.00737,1.19,1.00
2014.09.04 05:07:08.596,7.00443,7.00737,1.19,1.00
2014.09.04 05:07:10.097,7.00447,7.00737,1.19,1.00
2014.09.04 05:07:14.104,7.00446,7.00737,1.19,1.00
2014.09.04 05:07:14.973,7.00446,7.00747,1.19,2.74
2014.09.04 05:07:15.106,7.0045,7.00747,1.19,2.74
2014.09.04 05:07:16.244,7.00453,7.00747,1.19,2.74
2014.09.04 05:07:17.921,7.00453,7.00737,1.19,1.00
2014.09.04 05:07:20.991,7.00452,7.00747,1.19,2.74
2014.09.04 05:07:23.924,7.00449,7.00747,1.19,2.74
2014.09.04 05:07:26.468,7.00449,7.00747,1.19,2.74
2014.09.04 05:07:28.031,7.00448,7.00747,1.19,2.74
2014.09.04 05:07:29.133,7.00449,7.00747,1.19,2.74
2014.09.04 05:07:30.435,7.00453,7.00747,1.19,2.74
2014.09.04 05:07:32.541,7.00451,7.00747,1.19,2.74
2014.09.04 05:07:33.945,7.00451,7.00747,1.19,2.74
2014.09.04 05:07:35.548,7.00449,7.00747,1.19,2.74
2014.09.04 05:07:36.550,7.00448,7.00747,1.19,2.74
2014.09.04 05:07:37.700,7.00452,7.00747,1.19,2.74
2014.09.04 05:07:38.654,7.00453,7.00747,1.19,2.74
2014.09.04 05:07:39.687,7.00449,7.00747,1.19,2.74
2014.09.04 05:07:40.659,7.00453,7.00747,1.19,1.99
2014.09.04 05:07:42.261,7.00453,7.00747,1.19,1.99
2014.09.04 05:07:43.263,7.00453,7.00747,1.00,1.99
2014.09.04 05:07:47.169,7.00453,7.00747,1.69,1.99
2014.09.04 05:07:49.273,7.00454,7.00747,1.19,1.99
2014.09.04 05:07:55.483,7.00454,7.00747,1.19,1.99
2014.09.04 05:07:55.885,7.00461,7.00747,1.19,1.99
2014.09.04 05:07:58.189,7.00459,7.00747,1.19,1.99
2014.09.04 05:07:59.190,7.00458,7.00747,1.19,1.99
2014.09.04 05:08:00.191,7.00456,7.00747,1.19,1.99
2014.09.04 05:08:01.393,7.00455,7.00757,1.19,1.00
2014.09.04 05:08:02.395,7.00453,7.00757,1.19,1.00
2014.09.04 05:08:03.497,7.00453,7.00757,1.91,1.00
2014.09.04 05:08:04.703,7.00453,7.00757,1.91,1.00
2014.09.04 05:08:07.862,7.00453,7.00746,1.49,1.00
2014.09.04 05:08:08.856,7.00453,7.00746,1.49,1.00
2014.09.04 05:08:09.809,7.00453,7.00746,1.49,1.00
2014.09.04 05:08:10.911,7.00462,7.00746,1.19,1.00
2014.09.04 05:08:11.913,7.00464,7.00746,1.19,1.00
2014.09.04 05:08:12.934,7.00461,7.00746,1.19,1.00
2014.09.04 05:08:13.903,7.00461,7.00736,1.19,1.00
2014.09.04 05:08:13.954,7.00456,7.00736,1.19,1.00
2014.09.04 05:08:14.929,7.00457,7.00736,1.19,1.00
2014.09.04 05:08:16.324,7.00458,7.00736,1.19,1.00
2014.09.04 05:08:16.650,7.00458,7.00757,1.19,1.00
2014.09.04 05:08:17.424,7.00456,7.00757,1.19,1.00
2014.09.04 05:08:18.526,7.00455,7.00757,1.19,1.00
2014.09.04 05:08:20.130,7.00455,7.00757,1.19,1.00
2014.09.04 05:08:20.535,7.00455,7.00737,1.19,1.00
2014.09.04 05:08:20.874,7.00455,7.00747,1.19,1.00
2014.09.04 05:08:21.232,7.00453,7.00747,1.49,1.00
2014.09.04 05:08:21.382,7.00453,7.00757,1.91,1.00
2014.09.04 05:08:22.464,7.00457,7.00757,1.19,1.00
2014.09.04 05:08:23.301,7.00457,7.00747,1.19,1.00
2014.09.04 05:08:23.631,7.00456,7.00737,1.19,1.00
2014.09.04 05:08:24.143,7.00456,7.00747,1.19,1.00
2014.09.04 05:08:24.490,7.00452,7.00747,1.49,1.00
2014.09.04 05:08:25.844,7.00452,7.00747,1.91,1.00
2014.09.04 05:08:26.945,7.00452,7.00747,1.49,1.00
2014.09.04 05:08:28.148,7.00455,7.00747,1.19,1.00
2014.09.04 05:08:29.850,7.00454,7.00747,1.19,1.00
2014.09.04 05:08:31.654,7.00452,7.00747,1.49,1.00
2014.09.04 05:08:32.959,7.00452,7.00747,1.49,1.00
2014.09.04 05:08:33.959,7.00452,7.00747,1.49,1.00
2014.09.04 05:08:35.862,7.00452,7.00747,1.49,1.00
2014.09.04 05:08:39.468,7.00454,7.00747,1.19,1.00
2014.09.04 05:08:40.470,7.00452,7.00747,1.49,1.00
2014.09.04 05:08:42.876,7.00452,7.00747,1.49,1.00
2014.09.04 05:08:43.978,7.00451,7.00747,1.19,1.00
2014.09.04 05:08:46.883,7.00452,7.00747,1.19,1.00
2014.09.04 05:08:48.889,7.00456,7.00747,1.19,1.00
2014.09.04 05:08:49.890,7.00457,7.00747,1.19,1.00
2014.09.04 05:08:51.393,7.00458,7.00747,1.19,1.00
2014.09.04 05:08:53.096,7.00457,7.00747,1.19,1.00
2014.09.04 05:08:54.799,7.00454,7.00747,1.19,1.00
2014.09.04 05:08:55.800,7.00464,7.00747,1.19,1.00
2014.09.04 05:08:55.851,7.00464,7.00757,1.19,1.00
2014.09.04 05:08:56.049,7.00464,7.00747,1.19,1.00
2014.09.04 05:08:56.455,7.00464,7.00737,1.19,1.00
2014.09.04 05:08:56.902,7.00454,7.00737,1.19,1.00
2014.09.04 05:08:58.821,7.00454,7.00747,1.19,1.00
2014.09.04 05:08:59.106,7.00451,7.00747,1.19,1.00
2014.09.04 05:09:00.309,7.0045,7.00747,1.19,1.00
2014.09.04 05:09:01.411,7.00453,7.00747,1.19,1.00
2014.09.04 05:09:02.542,7.00452,7.00727,1.19,1.00
2014.09.04 05:09:02.776,7.00452,7.00737,1.19,1.00
2014.09.04 05:09:03.421,7.00452,7.00747,1.19,1.00
2014.09.04 05:09:04.616,7.00454,7.00747,1.19,1.00
2014.09.04 05:09:06.119,7.00455,7.00747,1.19,1.00
2014.09.04 05:09:07.709,7.00455,7.00746,1.19,1.00
2014.09.04 05:09:08.728,7.00456,7.00747,1.19,1.00
2014.09.04 05:09:09.926,7.00456,7.00747,1.19,1.00
2014.09.04 05:09:11.129,7.00458,7.00747,1.19,1.00
2014.09.04 05:09:14.133,7.00458,7.00747,1.19,1.00
2014.09.04 05:09:15.135,7.0046,7.00747,1.19,1.00
2014.09.04 05:09:18.541,7.00456,7.00747,1.19,1.00
2014.09.04 05:09:21.748,7.00454,7.00747,1.19,1.00
2014.09.04 05:09:22.751,7.00456,7.00747,1.19,1.00
2014.09.04 05:09:25.856,7.00456,7.00747,1.19,1.00
2014.09.04 05:09:28.161,7.00451,7.00747,1.19,1.00
2014.09.04 05:09:29.163,7.00453,7.00747,1.19,1.00
2014.09.04 05:09:31.066,7.00453,7.00747,1.19,1.00
2014.09.04 05:09:35.273,7.00449,7.00747,1.19,1.00
2014.09.04 05:09:37.396,7.00454,7.00747,1.19,1.00
2014.09.04 05:09:41.716,7.00453,7.00737,1.19,1.00
2014.09.04 05:09:41.919,7.00453,7.00747,1.19,1.00
2014.09.04 05:09:42.687,7.00465,7.00747,1.19,1.00
2014.09.04 05:09:43.788,7.00466,7.00747,1.19,1.00
2014.09.04 05:09:47.796,7.00464,7.00747,1.19,1.00
2014.09.04 05:09:50.103,7.00464,7.00747,1.19,1.00
2014.09.04 05:09:51.204,7.00465,7.00747,1.19,1.00
2014.09.04 05:09:53.307,7.00465,7.00747,1.19,1.00
2014.09.04 05:09:55.110,7.00466,7.00747,1.19,1.00
2014.09.04 05:09:57.913,7.00464,7.00747,1.19,1.00
2014.09.04 05:09:59.088,7.00464,7.00757,1.19,1.00
2014.09.04 05:09:59.326,7.00464,7.00737,1.19,1.00
2014.09.04 05:09:59.451,7.00464,7.00747,1.19,1.00
2014.09.04 05:09:59.552,7.00464,7.00767,1.19,1.00
2014.09.04 05:09:59.856,7.00473,7.00777,1.00,2.74
2014.09.04 05:10:00.070,7.00493,7.00777,1.00,1.99
2014.09.04 05:10:00.222,7.00483,7.00774,1.00,1.00
2014.09.04 05:10:00.324,7.00494,7.00777,1.00,1.99
2014.09.04 05:10:01.328,7.00487,7.00774,1.19,1.00
2014.09.04 05:10:01.430,7.00487,7.00777,1.19,1.99
2014.09.04 05:10:02.026,7.00483,7.00777,1.69,1.99
2014.09.04 05:10:02.215,7.00483,7.00774,1.69,1.00
2014.09.04 05:10:02.316,7.00483,7.00777,1.69,1.99
2014.09.04 05:10:02.369,7.00483,7.00765,1.69,1.50
2014.09.04 05:10:03.036,7.00483,7.00765,1.19,1.50
2014.09.04 05:10:05.881,7.00483,7.00777,1.19,1.99
2014.09.04 05:10:06.187,7.00483,7.00774,1.19,1.00
2014.09.04 05:10:06.290,7.00483,7.00777,1.19,1.99
2014.09.04 05:10:07.147,7.00483,7.00774,1.19,1.00
2014.09.04 05:10:07.248,7.00483,7.00774,1.19,1.00
2014.09.04 05:10:07.299,7.00483,7.00777,1.19,1.99
2014.09.04 05:10:08.148,7.00483,7.00774,1.19,1.00
2014.09.04 05:10:08.356,7.00483,7.00777,1.19,1.99
2014.09.04 05:10:12.749,7.00483,7.00777,1.19,1.99
2014.09.04 05:10:15.184,7.00483,7.00774,1.19,1.00
2014.09.04 05:10:15.286,7.00483,7.00777,1.19,1.99
2014.09.04 05:10:15.616,7.00483,7.00774,1.19,1.00
2014.09.04 05:10:15.835,7.00483,7.00777,1.19,1.99
2014.09.04 05:10:16.504,7.00483,7.00774,1.19,1.00
2014.09.04 05:10:16.606,7.00483,7.00777,1.19,1.99
2014.09.04 05:10:16.935,7.00483,7.00774,1.19,1.00
2014.09.04 05:10:17.051,7.00483,7.00777,1.19,1.99
2014.09.04 05:10:18.463,7.00483,7.00777,1.19,1.99
2014.09.04 05:10:18.513,7.00483,7.00774,1.19,1.00
2014.09.04 05:10:18.632,7.00483,7.00777,1.19,1.99
2014.09.04 05:10:20.566,7.00483,7.00777,1.92,1.99
2014.09.04 05:10:21.579,7.00483,7.00777,1.92,1.99
2014.09.04 05:10:23.671,7.00483,7.00774,1.19,1.00
2014.09.04 05:10:23.772,7.00483,7.00777,1.19,1.99
2014.09.04 05:10:24.162,7.00493,7.00777,1.00,1.99
2014.09.04 05:10:24.318,7.00483,7.00774,1.92,1.00
2014.09.04 05:10:24.419,7.00483,7.00777,1.92,1.99
2014.09.04 05:10:24.678,7.00484,7.00777,1.50,1.99
2014.09.04 05:10:25.074,7.00483,7.00774,1.19,1.00
2014.09.04 05:10:25.226,7.00483,7.00777,1.19,1.99
2014.09.04 05:10:25.982,7.00483,7.00777,1.19,1.99
2014.09.04 05:10:28.590,7.00483,7.00777,1.92,1.99
2014.09.04 05:10:28.925,7.00483,7.00774,1.92,1.00
2014.09.04 05:10:29.145,7.00483,7.00777,1.92,1.99
2014.09.04 05:10:29.992,7.00483,7.00777,1.92,1.99
2014.09.04 05:10:33.840,7.00493,7.00777,1.00,1.99
2014.09.04 05:10:34.432,7.00484,7.00777,1.19,1.99
2014.09.04 05:10:34.958,7.00484,7.00777,1.25,1.99
2014.09.04 05:10:36.004,7.00484,7.00774,1.00,1.00
2014.09.04 05:10:36.105,7.00484,7.00777,1.00,1.99
2014.09.04 05:10:42.200,7.00493,7.00777,1.00,1.99
2014.09.04 05:10:42.721,7.00503,7.00777,1.00,1.99
2014.09.04 05:10:43.191,7.00493,7.00777,1.19,1.99
2014.09.04 05:10:43.821,7.00483,7.00777,1.19,1.99
2014.09.04 05:10:43.996,7.00483,7.00774,1.19,1.00
2014.09.04 05:10:44.105,7.00483,7.00777,1.19,1.99
2014.09.04 05:10:44.923,7.00476,7.00777,1.19,2.74
2014.09.04 05:10:46.026,7.00477,7.00777,1.19,2.74
2014.09.04 05:10:47.530,7.00483,7.00774,1.19,1.00
2014.09.04 05:10:48.081,7.00483,7.00774,1.19,1.00
2014.09.04 05:10:48.175,7.00483,7.00777,1.19,1.99
2014.09.04 05:10:48.844,7.00493,7.00777,1.00,1.99
2014.09.04 05:10:49.068,7.00483,7.00777,1.92,1.99
2014.09.04 05:10:50.136,7.00483,7.00777,1.19,1.99
2014.09.04 05:10:50.776,7.00483,7.00765,1.19,1.50
2014.09.04 05:10:51.362,7.00483,7.00765,1.19,1.50
2014.09.04 05:10:53.942,7.00483,7.00765,1.19,1.50
2014.09.04 05:11:00.105,7.00483,7.00787,1.19,1.00
2014.09.04 05:11:00.704,7.00483,7.00787,1.19,1.00
2014.09.04 05:11:00.934,7.00483,7.00773,1.19,1.00
2014.09.04 05:11:01.063,7.00483,7.00787,1.19,1.00
2014.09.04 05:11:02.960,7.00483,7.00787,1.19,1.00
2014.09.04 05:11:04.566,7.00483,7.00774,1.19,1.00
2014.09.04 05:11:04.796,7.00478,7.00777,1.19,1.00
2014.09.04 05:11:05.774,7.00478,7.00774,1.19,1.00
2014.09.04 05:11:06.011,7.00481,7.00777,1.19,1.00
2014.09.04 05:11:06.764,7.00481,7.00774,1.19,1.00
2014.09.04 05:11:07.019,7.00479,7.00777,1.19,1.00
2014.09.04 05:11:08.170,7.00478,7.00777,1.19,1.00
2014.09.04 05:11:10.475,7.0048,7.00777,1.19,1.00
2014.09.04 05:11:11.165,7.0048,7.00774,1.19,1.00
2014.09.04 05:11:11.317,7.0048,7.00777,1.19,1.00
2014.09.04 05:11:15.784,7.0048,7.00777,1.19,1.00
2014.09.04 05:11:16.664,7.0048,7.00774,1.19,1.00
2014.09.04 05:11:16.884,7.00478,7.00774,1.19,1.00
2014.09.04 05:11:16.935,7.00478,7.00777,1.19,1.00
2014.09.04 05:11:20.319,7.00478,7.00777,1.19,1.00
2014.09.04 05:11:20.624,7.00478,7.00774,1.19,1.00
2014.09.04 05:11:21.252,7.00478,7.00765,1.19,1.50
2014.09.04 05:11:21.763,7.00478,7.00765,1.19,1.50
2014.09.04 05:11:22.788,7.00483,7.00765,1.19,1.50
2014.09.04 05:11:24.997,7.00483,7.00765,1.19,1.50
2014.09.04 05:11:26.273,7.00483,7.00765,1.19,1.50
2014.09.04 05:11:29.676,7.00483,7.00765,1.19,1.50
2014.09.04 05:11:31.219,7.00483,7.00765,1.19,1.50
2014.09.04 05:11:33.584,7.00483,7.00765,1.19,1.50
2014.09.04 05:11:36.388,7.00483,7.00765,1.19,1.50
2014.09.04 05:11:36.670,7.00483,7.00787,1.19,1.00
2014.09.04 05:11:36.721,7.00483,7.00774,1.19,1.00
2014.09.04 05:11:36.841,7.00483,7.00787,1.19,1.00
2014.09.04 05:11:38.691,7.00483,7.00787,1.19,1.00
2014.09.04 05:11:40.279,7.0048,7.00777,1.19,1.00
2014.09.04 05:11:40.624,7.00479,7.00765,1.19,1.50
2014.09.04 05:11:42.097,7.0048,7.00765,1.19,1.50
2014.09.04 05:11:43.400,7.0048,7.00765,1.19,1.50
2014.09.04 05:11:45.403,7.00482,7.00765,1.19,1.50
2014.09.04 05:11:47.407,7.0048,7.00765,1.19,1.50
2014.09.04 05:11:48.609,7.00478,7.00765,1.19,1.50
2014.09.04 05:11:51.212,7.00477,7.00765,1.19,1.50
2014.09.04 05:11:53.317,7.00483,7.00765,1.19,1.50
2014.09.04 05:11:54.619,7.00483,7.00765,1.19,1.50
2014.09.04 05:11:55.823,7.00479,7.00765,1.19,1.50
2014.09.04 05:12:00.629,7.0048,7.00765,1.19,1.50
2014.09.04 05:12:02.432,7.00477,7.00765,1.19,1.50
2014.09.04 05:12:03.534,7.00478,7.00765,1.19,1.50
2014.09.04 05:12:04.538,7.00478,7.00765,1.19,1.50
2014.09.04 05:12:05.537,7.00482,7.00765,1.19,1.50
2014.09.04 05:12:06.739,7.0048,7.00765,1.19,1.50
2014.09.04 05:12:08.643,7.00479,7.00765,1.19,1.50
2014.09.04 05:12:09.646,7.00475,7.00765,1.49,1.50
2014.09.04 05:12:13.052,7.00475,7.00765,1.49,1.50
2014.09.04 05:12:14.254,7.00476,7.00765,1.19,1.50
2014.09.04 05:12:15.656,7.00475,7.00765,1.91,1.50
2014.09.04 05:12:19.662,7.00476,7.00765,1.19,1.50
2014.09.04 05:12:20.764,7.00477,7.00765,1.19,1.50
2014.09.04 05:12:22.767,7.00476,7.00765,1.19,1.50
2014.09.04 05:12:24.571,7.00477,7.00765,1.19,1.50
2014.09.04 05:12:26.683,7.00477,7.00777,1.19,1.00
2014.09.04 05:12:26.734,7.00477,7.00774,1.19,1.00
2014.09.04 05:12:26.784,7.00476,7.00774,1.19,1.00
2014.09.04 05:12:26.844,7.00476,7.00777,1.19,1.00
2014.09.04 05:12:28.934,7.00476,7.00774,1.19,1.00
2014.09.04 05:12:29.045,7.00476,7.00777,1.19,1.00
2014.09.04 05:12:29.096,7.00478,7.00777,1.19,1.00
2014.09.04 05:12:29.924,7.00478,7.00774,1.19,1.00
2014.09.04 05:12:30.149,7.00478,7.00777,1.19,1.00
2014.09.04 05:12:32.033,7.00479,7.00774,1.19,1.00
2014.09.04 05:12:32.159,7.00479,7.00777,1.19,1.00
2014.09.04 05:12:35.989,7.0048,7.00777,1.19,1.00
2014.09.04 05:12:38.092,7.00481,7.00777,1.19,1.00
2014.09.04 05:12:39.193,7.00475,7.00777,1.19,1.00
2014.09.04 05:12:40.923,7.00474,7.00774,1.91,1.00
2014.09.04 05:12:41.034,7.00474,7.00777,1.91,1.00
2014.09.04 05:12:41.898,7.00476,7.00777,1.19,1.00
2014.09.04 05:12:44.703,7.00475,7.00777,1.19,1.00
2014.09.04 05:12:46.407,7.00479,7.00777,1.19,1.00
2014.09.04 05:12:48.710,7.0048,7.00777,1.19,1.00
2014.09.04 05:12:49.935,7.00481,7.00777,1.19,1.00
2014.09.04 05:12:51.214,7.00481,7.00777,1.19,1.00
2014.09.04 05:12:51.813,7.00481,7.00774,1.19,1.00
2014.09.04 05:12:51.978,7.00481,7.00777,1.19,1.00
2014.09.04 05:12:52.717,7.00478,7.00777,1.19,1.00
2014.09.04 05:12:54.921,7.00477,7.00777,1.19,1.00
2014.09.04 05:12:56.122,7.00479,7.00777,1.19,1.00
2014.09.04 05:12:59.293,7.00479,7.00774,1.19,1.00
2014.09.04 05:12:59.519,7.00479,7.00777,1.19,1.00
2014.09.04 05:13:00.323,7.00479,7.00774,1.19,1.00
2014.09.04 05:13:00.374,7.00477,7.00774,1.19,1.00
2014.09.04 05:13:01.259,7.00477,7.00777,1.19,1.00
2014.09.04 05:13:02.734,7.00476,7.00777,1.19,1.00
2014.09.04 05:13:03.835,7.00477,7.00777,1.19,1.00
2014.09.04 05:13:06.458,7.00477,7.00774,1.19,1.00
2014.09.04 05:13:06.560,7.00477,7.00777,1.19,1.00
2014.09.04 05:13:06.786,7.00477,7.00767,1.19,1.00
2014.09.04 05:13:07.250,7.00477,7.00757,1.19,1.00
2014.09.04 05:13:07.444,7.00473,7.00757,1.16,1.00
2014.09.04 05:13:10.046,7.00473,7.00747,1.30,1.00
2014.09.04 05:13:10.300,7.00473,7.00757,1.30,1.00
2014.09.04 05:13:10.475,7.00473,7.00747,1.30,1.00
2014.09.04 05:13:10.729,7.00473,7.00757,1.30,1.00
2014.09.04 05:13:11.282,7.00473,7.00756,1.30,1.00
2014.09.04 05:13:12.008,7.00473,7.00757,1.30,1.00
2014.09.04 05:13:26.976,7.00463,7.00757,1.19,1.00
2014.09.04 05:13:28.018,7.00461,7.00757,1.19,1.00
2014.09.04 05:13:29.736,7.00463,7.00767,1.19,1.00
2014.09.04 05:13:30.185,7.00467,7.00767,1.19,1.00
2014.09.04 05:13:31.187,7.00467,7.00767,1.19,1.00
2014.09.04 05:13:33.291,7.00466,7.00767,1.19,1.00
2014.09.04 05:13:35.003,7.00468,7.00767,1.19,1.00
2014.09.04 05:13:36.247,7.00469,7.00765,1.19,1.50
2014.09.04 05:13:41.204,7.00469,7.00765,1.19,1.50
2014.09.04 05:13:43.808,7.00468,7.00765,1.19,1.50
2014.09.04 05:13:44.811,7.00467,7.00765,1.19,1.50
2014.09.04 05:13:48.317,7.00468,7.00765,1.19,1.50
2014.09.04 05:13:49.419,7.00467,7.00765,1.19,1.50
2014.09.04 05:13:50.257,7.00467,7.00757,1.19,1.00
2014.09.04 05:13:51.053,7.00468,7.00757,1.19,1.00
2014.09.04 05:13:51.104,7.00468,7.00765,1.19,1.50
2014.09.04 05:13:51.271,7.00468,7.00767,1.19,1.00
2014.09.04 05:13:52.227,7.00465,7.00767,1.19,1.00
2014.09.04 05:13:55.347,7.00465,7.00765,1.19,1.50
2014.09.04 05:13:57.594,7.00467,7.00765,1.19,1.50
2014.09.04 05:13:59.946,7.0047,7.00765,1.19,1.50
2014.09.04 05:14:01.043,7.0047,7.00765,1.19,1.50
2014.09.04 05:14:03.748,7.0047,7.00765,1.19,1.50
2014.09.04 05:14:06.452,7.0047,7.00765,1.19,1.50
2014.09.04 05:14:07.655,7.00469,7.00765,1.19,1.50
2014.09.04 05:14:10.059,7.00469,7.00765,1.19,1.50
2014.09.04 05:14:11.161,7.00469,7.00765,1.19,1.50
2014.09.04 05:14:12.537,7.00469,7.00767,1.19,1.00
2014.09.04 05:14:13.505,7.0047,7.00767,1.19,1.00
2014.09.04 05:14:23.284,7.00472,7.00767,1.19,1.00
2014.09.04 05:14:24.386,7.0047,7.00767,1.19,1.00
2014.09.04 05:14:26.119,7.0047,7.00767,1.19,1.00
2014.09.04 05:14:28.092,7.0047,7.00767,1.19,1.00
2014.09.04 05:14:30.585,7.00473,7.00774,1.19,1.00
2014.09.04 05:14:31.098,7.00473,7.00774,1.19,1.00
2014.09.04 05:14:34.666,7.00473,7.00765,1.19,1.50
2014.09.04 05:14:35.404,7.00473,7.00765,1.19,1.50
2014.09.04 05:14:36.194,7.00483,7.00765,1.00,1.50
2014.09.04 05:14:39.385,7.00473,7.00765,1.19,1.50
2014.09.04 05:14:40.716,7.00473,7.00765,1.69,1.50
2014.09.04 05:14:43.126,7.0048,7.00765,1.19,1.50
2014.09.04 05:14:43.396,7.0048,7.00774,1.19,1.00
2014.09.04 05:14:43.498,7.0048,7.00777,1.19,1.00
2014.09.04 05:14:44.222,7.00475,7.00777,1.19,1.00
2014.09.04 05:14:45.224,7.00473,7.00777,1.69,1.00
2014.09.04 05:14:46.475,7.00473,7.00777,1.19,1.00
2014.09.04 05:14:49.030,7.00473,7.00777,1.19,1.00
2014.09.04 05:14:54.740,7.00473,7.00777,1.19,1.00
2014.09.04 05:14:54.933,7.00473,7.00774,1.19,1.00
2014.09.04 05:14:55.741,7.00475,7.00774,1.19,1.00
2014.09.04 05:14:56.288,7.00475,7.00765,1.19,1.50
2014.09.04 05:14:57.314,7.00483,7.00765,1.00,1.50
2014.09.04 05:14:58.137,7.00483,7.00774,1.00,1.00
2014.09.04 05:14:58.546,7.00483,7.00774,1.19,1.00
2014.09.04 05:15:00.550,7.00483,7.00774,1.19,1.00
2014.09.04 05:15:02.554,7.00483,7.00774,1.00,1.00
2014.09.04 05:15:08.067,7.00483,7.00774,1.19,1.00
2014.09.04 05:15:09.469,7.00483,7.00774,1.00,1.00
2014.09.04 05:15:11.073,7.00483,7.00774,1.19,1.00
2014.09.04 05:15:12.076,7.00473,7.00774,1.19,1.00
2014.09.04 05:15:12.636,7.00483,7.00774,1.00,1.00
2014.09.04 05:15:17.006,7.00474,7.00774,1.00,1.00
2014.09.04 05:15:19.997,7.00474,7.00774,1.19,1.00
2014.09.04 05:15:20.993,7.00474,7.00774,1.00,1.00
2014.09.04 05:15:22.344,7.00474,7.00657,1.00,1.99
2014.09.04 05:15:22.446,7.00434,7.00657,1.30,1.99
2014.09.04 05:15:22.497,7.00393,7.00657,1.00,1.99
2014.09.04 05:15:22.650,7.00376,7.00657,1.30,1.99
2014.09.04 05:15:27.600,7.00383,7.00657,1.00,1.99
2014.09.04 05:15:29.105,7.00376,7.00657,1.30,1.99
2014.09.04 05:15:29.227,7.00383,7.00657,1.31,1.99
2014.09.04 05:16:06.124,7.00372,7.00503,1.30,1.99
2014.09.04 05:16:06.225,7.00343,7.00497,1.15,1.99
2014.09.04 05:16:07.151,7.00343,7.00557,1.36,1.99
2014.09.04 05:16:08.553,7.00292,7.00557,2.10,1.99
2014.09.04 05:16:09.143,7.00292,7.00557,2.02,1.99
2014.09.04 05:16:10.259,7.00292,7.00557,1.86,1.99
2014.09.04 05:16:11.166,7.00292,7.00557,2.06,1.99
2014.09.04 05:16:12.605,7.00292,7.00557,1.94,1.99
2014.09.04 05:16:13.405,7.00292,7.00557,1.89,1.99
2014.09.04 05:16:15.925,7.00292,7.00557,1.98,1.99
2014.09.04 05:16:16.612,7.00292,7.00557,2.16,1.99
2014.09.04 05:16:20.332,7.00292,7.00557,2.03,1.99
2014.09.04 05:16:21.244,7.00292,7.00557,2.03,1.99
2014.09.04 05:16:25.153,7.00292,7.00557,1.97,1.99
2014.09.04 05:16:26.376,7.00292,7.00557,2.01,1.99
2014.09.04 05:16:27.373,7.00278,7.00557,1.96,1.99
2014.09.04 05:16:28.431,7.00278,7.00557,1.97,1.99
2014.09.04 05:16:29.897,7.00333,7.00675,2.41,1.30
2014.09.04 05:16:29.948,7.00353,7.00675,1.57,1.67
2014.09.04 05:16:30.049,7.00353,7.00675,1.57,1.30
2014.09.04 05:16:30.568,7.00353,7.00675,1.57,1.30
2014.09.04 05:16:30.670,7.00353,7.00616,1.57,1.99
2014.09.04 05:16:31.628,7.00363,7.00616,1.31,1.99
2014.09.04 05:16:32.143,7.00374,7.00616,1.31,1.99
2014.09.04 05:16:32.660,7.00373,7.00616,1.31,1.99
2014.09.04 05:16:33.212,7.00383,7.00616,1.31,1.99
2014.09.04 05:16:33.936,7.00393,7.00616,1.31,1.99
2014.09.04 05:16:33.988,7.00393,7.00677,1.31,1.99
2014.09.04 05:16:34.923,7.00403,7.00677,1.31,1.99
2014.09.04 05:16:36.853,7.00383,7.00677,1.00,1.99
2014.09.04 05:16:36.904,7.00355,7.00677,1.75,1.99
2014.09.04 05:16:36.954,7.00352,7.00557,1.30,1.99
2014.09.04 05:16:52.848,7.00332,7.00557,1.30,1.99
2014.09.04 05:16:52.899,7.00319,7.00557,1.30,1.99
2014.09.04 05:17:13.881,7.00307,7.00557,1.30,1.99
2014.09.04 05:17:33.912,7.00299,7.00557,1.30,1.99
2014.09.04 05:17:36.928,7.00299,7.00682,1.30,1.00
2014.09.04 05:17:37.903,7.00299,7.0068,1.30,1.00
2014.09.04 05:17:43.294,7.00299,7.0068,1.30,1.37
2014.09.04 05:17:43.396,7.00299,7.0068,1.30,1.00
2014.09.04 05:17:47.287,7.00299,7.00685,1.30,1.00
2014.09.04 05:17:47.338,7.00299,7.00681,1.30,1.00
2014.09.04 05:17:47.439,7.00299,7.00685,1.30,1.00
2014.09.04 05:17:51.430,7.00299,7.00691,1.30,1.00
2014.09.04 05:17:53.548,7.00303,7.00691,1.31,1.00
2014.09.04 05:17:54.049,7.00314,7.00691,1.30,1.00
2014.09.04 05:18:10.388,7.00314,7.00685,1.30,1.00
2014.09.04 05:18:10.691,7.00314,7.0068,1.30,1.00
2014.09.04 05:18:11.670,7.00314,7.00682,1.30,1.00
2014.09.04 05:18:14.587,7.00294,7.00682,1.30,1.00
2014.09.04 05:18:14.860,7.00294,7.00679,1.30,1.00
2014.09.04 05:18:18.993,7.00294,7.00679,1.30,1.37
2014.09.04 05:18:19.095,7.00294,7.00679,1.30,1.00
2014.09.04 05:18:32.690,7.00294,7.00684,1.30,1.00
2014.09.04 05:18:35.049,7.00301,7.00684,1.30,1.00
2014.09.04 05:18:36.067,7.00301,7.00682,1.30,1.00
2014.09.04 05:18:38.631,7.00301,7.00684,1.30,1.00
2014.09.04 05:18:38.891,7.00303,7.00684,1.31,1.00
2014.09.04 05:18:38.949,7.00303,7.00691,1.31,1.00
2014.09.04 05:18:39.330,7.00303,7.00696,1.31,1.30
2014.09.04 05:18:39.432,7.00301,7.00696,1.30,1.30
2014.09.04 05:18:39.644,7.00301,7.00693,1.30,1.00
2014.09.04 05:18:39.994,7.00301,7.00687,1.30,1.00
2014.09.04 05:18:41.001,7.00301,7.00677,1.30,1.00
2014.09.04 05:18:42.011,7.00301,7.00687,1.30,1.00
2014.09.04 05:18:43.902,7.00301,7.00687,1.30,1.75
2014.09.04 05:18:52.360,7.00301,7.00673,1.30,1.00
2014.09.04 05:18:55.161,7.00301,7.00667,1.30,1.50
2014.09.04 05:18:55.261,7.00301,7.00672,1.30,1.50
2014.09.04 05:18:55.879,7.00284,7.00672,1.31,1.50
2014.09.04 05:18:58.031,7.00283,7.00673,1.31,1.50
2014.09.04 05:18:58.270,7.00283,7.00663,1.31,2.05
2014.09.04 05:18:58.371,7.00283,7.00673,1.31,1.50
2014.09.04 05:18:59.274,7.00283,7.00663,1.31,3.28
2014.09.04 05:18:59.477,7.00283,7.00673,1.31,1.50
2014.09.04 05:19:00.687,7.00284,7.00672,1.31,1.50
2014.09.04 05:19:01.190,7.00283,7.00673,1.31,1.50
2014.09.04 05:19:08.414,7.00284,7.00672,1.31,1.50
2014.09.04 05:19:09.042,7.00283,7.00673,1.31,1.50
2014.09.04 05:19:11.630,7.00293,7.00673,1.31,1.50
2014.09.04 05:19:12.836,7.00283,7.00673,1.31,1.50
2014.09.04 05:19:14.240,7.00283,7.00663,1.31,2.18
2014.09.04 05:19:14.341,7.00283,7.00673,1.31,1.50
2014.09.04 05:19:15.296,7.00283,7.00677,1.31,1.37
2014.09.04 05:19:16.640,7.00283,7.00669,1.31,1.30
2014.09.04 05:19:20.568,7.00283,7.00667,1.31,2.62
2014.09.04 05:19:20.669,7.00283,7.00669,1.31,1.30
2014.09.04 05:19:22.171,7.00293,7.00669,1.31,1.30
2014.09.04 05:19:25.011,7.00293,7.00587,1.31,1.99
2014.09.04 05:19:25.366,7.00303,7.00587,1.31,1.99
2014.09.04 05:19:34.631,7.00304,7.00587,1.31,1.99
2014.09.04 05:19:37.440,7.00303,7.00587,1.31,1.99
2014.09.04 05:19:45.277,7.00304,7.00587,1.31,1.99
2014.09.04 05:19:46.496,7.00303,7.00587,1.31,1.99
2014.09.04 05:19:53.658,7.00304,7.00587,1.31,1.99
2014.09.04 05:19:54.558,7.00303,7.00587,1.31,1.99
2014.09.04 05:20:04.776,7.00304,7.00587,1.31,1.99
2014.09.04 05:20:05.517,7.00303,7.00587,1.31,1.99
2014.09.04 05:20:06.210,7.00304,7.00587,1.31,1.99
2014.09.04 05:20:06.757,7.00303,7.00587,1.31,1.99
2014.09.04 05:20:20.117,7.00304,7.00587,1.31,1.99
2014.09.04 05:20:20.928,7.00303,7.00587,1.31,1.99
2014.09.04 05:20:22.131,7.00313,7.00587,1.31,1.99
2014.09.04 05:20:25.028,7.00313,7.0069,1.31,1.30
2014.09.04 05:20:26.052,7.00314,7.0069,1.31,1.30
2014.09.04 05:20:27.998,7.00313,7.0069,1.31,1.30
2014.09.04 05:20:33.204,7.00314,7.0069,1.31,1.30
2014.09.04 05:20:35.020,7.00313,7.0069,1.31,1.30
2014.09.04 05:20:36.026,7.00314,7.0069,1.31,1.30
2014.09.04 05:20:37.036,7.00314,7.00703,1.31,1.30
2014.09.04 05:20:38.042,7.00313,7.00703,1.31,1.30
2014.09.04 05:20:39.978,7.00324,7.00703,1.31,1.30
2014.09.04 05:20:40.584,7.00323,7.00703,1.31,1.30
2014.09.04 05:20:40.900,7.00313,7.00703,1.31,1.30
2014.09.04 05:20:43.033,7.00306,7.00703,1.30,1.30
2014.09.04 05:20:44.228,7.00306,7.00703,1.30,2.05
2014.09.04 05:20:48.374,7.00313,7.00703,1.31,2.05
2014.09.04 05:20:52.896,7.00306,7.00703,1.30,2.05
2014.09.04 05:20:56.775,7.00313,7.00703,1.31,2.05
2014.09.04 05:20:57.223,7.00313,7.00692,1.31,1.30
2014.09.04 05:21:00.185,7.00314,7.00692,1.31,1.30
2014.09.04 05:21:01.183,7.00313,7.00692,1.31,1.30
2014.09.04 05:21:03.653,7.00323,7.00692,1.31,1.30
2014.09.04 05:21:05.628,7.00324,7.00692,1.31,1.30
2014.09.04 05:21:06.524,7.00323,7.00692,1.31,1.30
2014.09.04 05:21:10.265,7.00324,7.00692,1.31,1.30
2014.09.04 05:21:10.769,7.00323,7.00692,1.31,1.30
2014.09.04 05:21:11.373,7.00324,7.00692,1.31,1.30
2014.09.04 05:21:12.689,7.00323,7.00692,1.31,1.30
2014.09.04 05:21:17.885,7.00323,7.00702,1.31,1.30
2014.09.04 05:21:19.757,7.00324,7.00702,1.31,1.30
2014.09.04 05:21:20.785,7.00323,7.00702,1.31,1.30
2014.09.04 05:21:24.177,7.00313,7.00702,1.31,1.30
2014.09.04 05:21:25.182,7.00313,7.00702,1.31,1.67
2014.09.04 05:21:25.283,7.00313,7.00702,1.31,1.30
2014.09.04 05:21:25.796,7.00313,7.00702,1.31,1.67
2014.09.04 05:21:25.885,7.00314,7.00702,1.31,1.30
2014.09.04 05:21:26.688,7.00313,7.00702,1.31,1.30
2014.09.04 05:21:27.189,7.00323,7.00702,1.31,1.30
2014.09.04 05:21:28.573,7.00348,7.00702,1.00,1.30
2014.09.04 05:21:28.877,7.00374,7.00697,1.00,1.99
2014.09.04 05:21:29.782,7.00373,7.00697,2.25,1.99
2014.09.04 05:21:30.112,7.00404,7.00697,1.31,1.99
2014.09.04 05:21:30.434,7.00413,7.00697,1.31,1.99
2014.09.04 05:21:30.758,7.00423,7.00697,1.31,1.99
2014.09.04 05:21:34.735,7.00434,7.00697,1.31,1.99
2014.09.04 05:21:34.938,7.00434,7.00719,1.31,2.25
2014.09.04 05:21:37.420,7.00423,7.0072,1.50,2.25
2014.09.04 05:21:37.472,7.00382,7.00667,1.30,1.99
2014.09.04 05:21:38.434,7.00382,7.00617,1.30,1.99
2014.09.04 05:21:39.445,7.00307,7.00617,1.30,1.99
2014.09.04 05:21:59.571,7.00287,7.00617,1.30,1.99
2014.09.04 05:21:59.622,7.00283,7.00617,2.07,1.99
2014.09.04 05:22:00.965,7.00283,7.00617,2.07,1.99
2014.09.04 05:22:01.792,7.00283,7.00617,2.07,1.99
2014.09.04 05:22:04.637,7.00283,7.00617,2.07,1.99
2014.09.04 05:22:05.744,7.00283,7.00617,2.07,1.99
2014.09.04 05:22:15.006,7.00283,7.00617,2.07,1.99
2014.09.04 05:22:15.609,7.00283,7.00617,2.07,1.99
2014.09.04 05:22:23.358,7.00284,7.00617,1.06,1.99
2014.09.04 05:22:24.158,7.00283,7.00617,2.07,1.99
2014.09.04 05:22:25.210,7.00283,7.00617,2.07,1.99
2014.09.04 05:22:25.796,7.00283,7.00617,3.06,1.99
2014.09.04 05:22:28.094,7.00284,7.00617,1.06,1.99
2014.09.04 05:22:28.597,7.00283,7.00617,3.06,1.99
2014.09.04 05:22:31.211,7.00283,7.00617,2.07,1.99
2014.09.04 05:22:36.753,7.00283,7.00617,2.07,1.99
2014.09.04 05:22:38.182,7.00283,7.00617,2.07,1.99
2014.09.04 05:22:38.474,7.00278,7.00666,1.07,2.24
2014.09.04 05:22:39.253,7.00278,7.00666,1.07,2.24
2014.09.04 05:22:41.648,7.00282,7.00661,1.37,1.31
2014.09.04 05:22:41.746,7.00282,7.00668,1.37,1.94
2014.09.04 05:22:44.256,7.00282,7.00668,1.37,1.94
2014.09.04 05:22:47.270,7.00282,7.00666,1.37,1.94
2014.09.04 05:22:47.394,7.00282,7.00657,1.37,2.98
2014.09.04 05:22:47.468,7.00282,7.00663,1.37,2.44
2014.09.04 05:23:02.321,7.00281,7.00662,1.37,1.94
2014.09.04 05:23:03.322,7.00281,7.00646,1.37,1.00
2014.09.04 05:23:05.213,7.00281,7.00633,1.37,3.29
2014.09.04 05:23:05.274,7.00281,7.00646,1.37,1.00
2014.09.04 05:23:09.391,7.00281,7.00646,1.37,1.37
2014.09.04 05:23:09.960,7.00281,7.00646,1.37,1.00
2014.09.04 05:23:11.324,7.00281,7.00637,1.37,3.82
2014.09.04 05:23:11.426,7.00281,7.00646,1.37,1.00
2014.09.04 05:23:13.410,7.00281,7.00646,1.37,1.37
2014.09.04 05:23:14.313,7.00281,7.00646,1.37,1.00
2014.09.04 05:23:15.942,7.00281,7.00633,1.37,2.80
2014.09.04 05:23:16.038,7.00281,7.00646,1.37,1.00
2014.09.04 05:23:16.339,7.00281,7.00633,1.37,2.80
2014.09.04 05:23:16.440,7.00281,7.00646,1.37,1.00
2014.09.04 05:23:17.350,7.00281,7.00643,1.37,1.00
2014.09.04 05:23:17.451,7.00281,7.00646,1.37,1.00
2014.09.04 05:23:23.411,7.00276,7.00633,1.37,1.00
2014.09.04 05:23:23.485,7.00276,7.00646,1.37,1.00
2014.09.04 05:23:25.314,7.00276,7.00643,1.37,1.00
2014.09.04 05:23:25.466,7.00276,7.00646,1.37,1.00
2014.09.04 05:23:26.202,7.00276,7.00653,1.37,1.69
2014.09.04 05:23:26.532,7.00276,7.00633,1.37,1.89
2014.09.04 05:23:26.633,7.00276,7.00653,1.37,1.69
2014.09.04 05:23:30.145,7.00284,7.00652,1.06,1.69
2014.09.04 05:23:31.376,7.00284,7.00652,1.06,1.69
2014.09.04 05:23:31.881,7.00283,7.00653,1.06,1.69
2014.09.04 05:23:32.418,7.00284,7.00652,1.06,1.69
2014.09.04 05:23:33.083,7.00276,7.00653,1.37,1.69
2014.09.04 05:23:34.159,7.00276,7.00646,1.37,1.00
2014.09.04 05:23:36.924,7.00284,7.00646,1.06,1.00
2014.09.04 05:23:37.268,7.00284,7.00654,1.06,3.61
2014.09.04 05:23:37.319,7.00283,7.00653,1.06,1.69
2014.09.04 05:23:37.489,7.00283,7.00653,1.06,1.69
2014.09.04 05:23:38.491,7.00283,7.00663,1.06,2.44
2014.09.04 05:23:39.795,7.00283,7.00663,1.06,2.44
2014.09.04 05:23:42.575,7.00284,7.00662,1.06,2.06
2014.09.04 05:23:42.933,7.00283,7.00663,2.04,1.31
2014.09.04 05:23:44.846,7.00283,7.00662,1.37,2.06
2014.09.04 05:23:45.910,7.00283,7.00663,1.05,2.44
2014.09.04 05:23:48.917,7.00283,7.00663,2.04,2.44
2014.09.04 05:23:48.967,7.00283,7.00653,2.04,1.00
2014.09.04 05:23:49.756,7.00283,7.00663,2.04,2.44
2014.09.04 05:23:50.921,7.00283,7.00663,2.04,2.44
2014.09.04 05:23:51.783,7.00283,7.00653,2.04,1.00
2014.09.04 05:23:51.988,7.00283,7.00663,2.04,2.44
2014.09.04 05:23:53.901,7.00283,7.00653,2.04,1.00
2014.09.04 05:23:55.007,7.00283,7.00668,2.04,1.94
2014.09.04 05:23:55.209,7.00303,7.00647,1.99,1.99
2014.09.04 05:24:55.337,7.00292,7.0067,1.30,1.19
2014.09.04 05:24:56.339,7.00292,7.00669,1.30,1.19
2014.09.04 05:25:02.350,7.00292,7.0067,1.30,1.19
2014.09.04 05:25:03.132,7.00295,7.0067,1.30,1.19
2014.09.04 05:25:03.758,7.00295,7.00669,1.30,1.19
2014.09.04 05:25:07.360,7.00295,7.00666,1.30,1.19
2014.09.04 05:25:12.368,7.00295,7.00667,1.30,1.19
2014.09.04 05:25:15.474,7.00295,7.00668,1.30,1.56
2014.09.04 05:25:17.478,7.00295,7.00669,1.30,1.56
2014.09.04 05:25:18.481,7.00295,7.00668,1.30,1.56
2014.09.04 05:25:19.482,7.00295,7.00669,1.30,1.56
2014.09.04 05:25:23.488,7.00295,7.0067,1.30,1.56
2014.09.04 05:25:23.898,7.00292,7.0067,1.30,1.56
2014.09.04 05:25:24.490,7.00292,7.00667,1.30,1.56
2014.09.04 05:25:31.705,7.00292,7.00668,1.30,1.56
2014.09.04 05:25:32.707,7.00292,7.00667,1.30,1.56
2014.09.04 05:25:34.711,7.00292,7.00668,1.30,1.56
2014.09.04 05:25:37.516,7.00292,7.00667,1.30,1.56
2014.09.04 05:25:39.320,7.00292,7.00677,1.30,1.75
2014.09.04 05:25:39.977,7.00292,7.00647,1.30,2.30
2014.09.04 05:25:40.078,7.00292,7.00677,1.30,1.75
2014.09.04 05:25:43.684,7.00292,7.00663,1.30,1.39
2014.09.04 05:25:43.786,7.00292,7.00677,1.30,1.75
2014.09.04 05:25:44.363,7.00291,7.00677,1.30,1.75
2014.09.04 05:25:47.463,7.00291,7.00677,1.30,1.00
2014.09.04 05:25:52.543,7.00291,7.00672,1.30,1.19
2014.09.04 05:25:54.546,7.00291,7.00669,1.30,1.19
2014.09.04 05:25:55.524,7.00293,7.00669,1.31,1.19
2014.09.04 05:25:56.208,7.00293,7.0067,1.31,1.19
2014.09.04 05:25:57.148,7.00294,7.0067,1.31,1.19
2014.09.04 05:25:57.651,7.00293,7.00667,1.31,1.19
2014.09.04 05:25:58.652,7.00293,7.00669,1.31,1.19
2014.09.04 05:25:59.736,7.00293,7.00667,1.31,1.70
2014.09.04 05:25:59.837,7.00293,7.00669,1.31,1.19
2014.09.04 05:26:01.657,7.00293,7.00668,1.31,1.19
2014.09.04 05:26:02.658,7.00293,7.00667,1.31,1.19
2014.09.04 05:26:03.661,7.00293,7.00668,1.31,1.19
2014.09.04 05:26:07.669,7.00293,7.0067,1.31,1.19
2014.09.04 05:26:11.676,7.00293,7.00667,1.31,1.19
2014.09.04 05:26:12.678,7.00293,7.00668,1.31,1.19
2014.09.04 05:26:15.040,7.00294,7.00668,1.31,1.19
2014.09.04 05:26:16.245,7.00293,7.00668,1.31,1.19
2014.09.04 05:26:17.685,7.00293,7.00669,1.31,1.19
2014.09.04 05:26:18.687,7.00293,7.00668,1.31,1.19
2014.09.04 05:26:19.974,7.00293,7.00663,1.31,2.03
2014.09.04 05:26:20.075,7.00293,7.00668,1.31,1.19
2014.09.04 05:26:21.307,7.0029,7.00668,1.30,1.19
2014.09.04 05:26:21.715,7.0029,7.0067,1.30,1.19
2014.09.04 05:26:24.557,7.00292,7.0067,1.30,1.56
2014.09.04 05:26:25.290,7.00292,7.00669,1.30,1.31
2014.09.04 05:26:26.800,7.00292,7.0067,1.30,1.56
2014.09.04 05:26:27.317,7.00293,7.0067,1.31,1.56
2014.09.04 05:26:30.808,7.00293,7.00668,1.31,1.19
2014.09.04 05:26:31.810,7.00293,7.00667,1.31,1.19
2014.09.04 05:26:32.715,7.00294,7.00667,1.00,1.19
2014.09.04 05:26:32.816,7.00294,7.0067,1.00,1.56
2014.09.04 05:26:38.822,7.00294,7.00669,1.00,1.31
2014.09.04 05:26:44.043,7.00293,7.00665,1.31,1.19
2014.09.04 05:26:44.094,7.00293,7.00637,1.31,1.00
2014.09.04 05:26:44.397,7.00292,7.00527,1.30,1.99
2014.09.04 05:26:44.705,7.00273,7.00527,1.48,1.99
2014.09.04 05:26:45.241,7.00274,7.00527,1.23,1.99
2014.09.04 05:26:45.892,7.00263,7.00527,1.92,1.99
2014.09.04 05:26:49.209,7.00247,7.00527,1.80,1.99
2014.09.04 05:26:49.750,7.00247,7.00527,1.72,1.99
2014.09.04 05:26:55.542,7.00247,7.00527,1.88,1.99
2014.09.04 05:26:56.948,7.00247,7.00527,1.84,1.99
2014.09.04 05:26:57.957,7.00247,7.00527,1.78,1.99
2014.09.04 05:26:59.060,7.00247,7.00527,1.94,1.99
2014.09.04 05:27:02.011,7.00247,7.00527,1.88,1.99
2014.09.04 05:27:02.523,7.00247,7.00527,1.85,1.99
2014.09.04 05:27:06.593,7.00293,7.00527,1.31,1.99
2014.09.04 05:27:06.897,7.00303,7.00527,1.31,1.99
2014.09.04 05:27:07.904,7.00323,7.00597,1.31,1.99
2014.09.04 05:27:08.124,7.00323,7.00664,1.31,1.30
2014.09.04 05:27:08.175,7.00323,7.0072,1.31,2.25
2014.09.04 05:27:08.428,7.00313,7.0072,1.31,2.25
2014.09.04 05:27:08.618,7.00322,7.0072,1.30,2.25
2014.09.04 05:27:09.006,7.00342,7.0072,1.30,2.25
2014.09.04 05:27:11.141,7.00348,7.0072,1.00,2.25
2014.09.04 05:27:11.454,7.00352,7.0072,1.00,2.25
2014.09.04 05:27:12.213,7.00354,7.0072,1.00,2.25
2014.09.04 05:27:13.215,7.00356,7.0072,1.00,2.25
2014.09.04 05:27:28.695,7.00363,7.0072,1.30,2.25
2014.09.04 05:27:48.686,7.00356,7.0072,1.00,2.25
2014.09.04 05:27:50.922,7.0036,7.0072,1.00,2.25
2014.09.04 05:27:53.256,7.00363,7.0072,1.31,2.25
2014.09.04 05:27:57.301,7.00369,7.0072,1.00,2.25
2014.09.04 05:27:57.635,7.00366,7.00687,1.00,1.99
2014.09.04 05:27:57.966,7.00369,7.00687,1.00,1.99
2014.09.04 05:27:58.622,7.00373,7.00687,1.00,1.99
2014.09.04 05:27:59.612,7.00375,7.00687,1.00,1.99
2014.09.04 05:28:00.274,7.00363,7.00687,1.31,1.99
2014.09.04 05:28:00.375,7.00363,7.0072,1.31,2.25
2014.09.04 05:28:00.426,7.00351,7.0072,1.30,2.25
2014.09.04 05:28:01.894,7.00351,7.00719,1.30,2.25
2014.09.04 05:28:02.443,7.00351,7.0072,1.30,2.25
2014.09.04 05:28:03.315,7.00354,7.00719,1.31,2.25
2014.09.04 05:28:08.272,7.00356,7.0072,1.00,2.25
2014.09.04 05:28:08.852,7.00362,7.0072,1.30,2.25
2014.09.04 05:28:10.332,7.00362,7.0071,1.30,1.00
2014.09.04 05:28:10.639,7.00362,7.00577,1.30,1.99
2014.09.04 05:28:28.895,7.00313,7.00577,1.31,1.99
2014.09.04 05:28:38.918,7.0031,7.00577,1.30,1.99
2014.09.04 05:28:41.959,7.00313,7.00577,1.31,1.99
2014.09.04 05:28:54.140,7.00323,7.00577,1.31,1.99
2014.09.04 05:28:56.950,7.00333,7.00577,1.31,1.99
2014.09.04 05:29:02.841,7.00343,7.00577,1.31,1.99
2014.09.04 05:29:04.171,7.00343,7.00607,1.31,1.99
2014.09.04 05:29:04.273,7.00353,7.00607,1.31,1.99
2014.09.04 05:29:04.375,7.00343,7.00607,1.31,1.99
2014.09.04 05:29:04.882,7.00353,7.00607,1.31,1.99
2014.09.04 05:29:07.212,7.00343,7.00607,1.31,1.99
2014.09.04 05:29:07.647,7.00333,7.00607,1.31,1.99
2014.09.04 05:29:15.506,7.00328,7.00577,1.30,1.99
2014.09.04 05:29:15.709,7.00334,7.00617,1.31,1.99
2014.09.04 05:29:16.264,7.00343,7.00617,1.31,1.99
2014.09.04 05:29:17.372,7.00353,7.00617,1.31,1.99
2014.09.04 05:29:17.845,7.00343,7.00617,1.31,1.99
2014.09.04 05:29:18.563,7.00353,7.00617,1.31,1.99
2014.09.04 05:29:20.606,7.00363,7.00617,1.31,1.99
2014.09.04 05:29:21.662,7.00353,7.00617,1.31,1.99
2014.09.04 05:29:28.899,7.00343,7.00617,1.31,1.99
2014.09.04 05:29:30.939,7.00325,7.00617,1.30,1.99
2014.09.04 05:29:30.990,7.00325,7.00577,1.30,1.99
2014.09.04 05:29:41.624,7.00334,7.00577,1.31,1.99
2014.09.04 05:29:42.078,7.00343,7.00577,1.31,1.99
2014.09.04 05:29:42.229,7.00343,7.00607,1.31,1.99
2014.09.04 05:29:42.606,7.00353,7.00607,1.31,1.99
2014.09.04 05:29:42.910,7.0041,7.00607,1.30,1.99
2014.09.04 05:30:02.876,7.00428,7.00607,1.30,1.99
2014.09.04 05:30:04.512,7.00424,7.00607,1.30,1.99
2014.09.04 05:30:19.003,7.00372,7.00607,1.30,1.99
2014.09.04 05:30:19.162,7.00372,7.00577,1.30,1.99
2014.09.04 05:30:28.328,7.00421,7.00577,1.30,1.99
2014.09.04 05:30:28.429,7.00421,7.00607,1.30,1.99
2014.09.04 05:30:30.669,7.00374,7.00607,1.30,1.99
2014.09.04 05:30:50.650,7.00375,7.00607,1.30,1.99
2014.09.04 05:31:10.906,7.00353,7.00607,1.31,1.99
2014.09.04 05:31:11.833,7.00352,7.00607,1.30,1.99
2014.09.04 05:31:28.777,7.00352,7.00693,1.30,1.30
2014.09.04 05:31:31.316,7.00341,7.00684,1.30,1.30
2014.09.04 05:31:35.376,7.00343,7.00684,1.31,1.30
2014.09.04 05:31:35.890,7.00341,7.00684,1.30,1.30
2014.09.04 05:31:36.398,7.00342,7.00647,1.00,1.99
2014.09.04 05:31:36.779,7.0039,7.00647,1.30,1.99
2014.09.04 05:31:37.095,7.0039,7.00607,1.30,1.99
2014.09.04 05:31:43.227,7.0039,7.00637,1.30,1.99
2014.09.04 05:31:56.857,7.00403,7.00637,1.30,1.99
2014.09.04 05:32:17.011,7.00406,7.00637,1.30,1.99
2014.09.04 05:32:18.189,7.00406,7.00667,1.30,1.99
2014.09.04 05:32:37.836,7.00404,7.00667,1.30,1.99
2014.09.04 05:32:57.993,7.00399,7.00667,1.30,1.99
2014.09.04 05:33:18.140,7.00403,7.00667,1.30,1.99
2014.09.04 05:33:18.191,7.00403,7.0072,1.30,2.25
2014.09.04 05:33:38.934,7.00402,7.0072,1.30,2.25
2014.09.04 05:33:59.992,7.00403,7.0072,1.30,2.25
2014.09.04 05:34:09.607,7.00403,7.00637,1.30,1.99
2014.09.04 05:34:16.252,7.00403,7.00667,1.30,1.99
2014.09.04 05:34:19.961,7.00403,7.00636,1.30,1.99
2014.09.04 05:34:20.273,7.00409,7.00636,1.30,1.99
2014.09.04 05:34:40.130,7.004,7.00636,1.30,1.99
2014.09.04 05:34:46.994,7.004,7.00657,1.30,1.99
2014.09.04 05:35:00.468,7.00408,7.00657,1.30,1.99
2014.09.04 05:35:12.310,7.00408,7.00687,1.30,1.99
2014.09.04 05:35:13.065,7.00408,7.00717,1.30,1.99
2014.09.04 05:35:20.865,7.00417,7.00717,1.30,1.99
2014.09.04 05:35:21.912,7.00437,7.00717,1.30,1.99
2014.09.04 05:35:23.408,7.00437,7.0072,1.30,3.00
2014.09.04 05:35:23.931,7.00437,7.00719,1.30,2.25
2014.09.04 05:35:24.445,7.00437,7.0072,1.30,3.00
2014.09.04 05:35:41.810,7.0045,7.0072,1.30,3.00
2014.09.04 05:36:02.148,7.00446,7.0072,1.30,3.00
2014.09.04 05:36:06.854,7.00446,7.00717,1.30,1.99
2014.09.04 05:36:22.288,7.00431,7.00717,1.30,1.99
2014.09.04 05:36:38.739,7.00433,7.00717,1.31,1.99
2014.09.04 05:36:42.272,7.00441,7.00717,1.30,1.99
2014.09.04 05:36:42.687,7.00443,7.00717,1.31,1.99
2014.09.04 05:36:42.938,7.00441,7.00717,1.30,1.99
2014.09.04 05:36:44.647,7.00453,7.00717,1.31,1.99
2014.09.04 05:36:47.194,7.00444,7.00717,1.31,1.99
2014.09.04 05:36:48.064,7.00443,7.00717,1.31,1.99
2014.09.04 05:36:51.120,7.00453,7.00717,1.31,1.99
2014.09.04 05:36:51.536,7.00443,7.00717,1.31,1.99
2014.09.04 05:36:58.762,7.00454,7.00717,1.31,1.99
2014.09.04 05:37:06.134,7.00453,7.00717,1.31,1.99
2014.09.04 05:37:07.333,7.00453,7.0072,1.31,3.00
2014.09.04 05:37:08.498,7.00443,7.0072,1.31,3.00
2014.09.04 05:37:10.371,7.00453,7.0072,1.31,3.00
2014.09.04 05:37:10.897,7.00443,7.0072,1.31,3.00
2014.09.04 05:37:15.201,7.0044,7.0072,1.30,3.00
2014.09.04 05:37:16.066,7.0044,7.00719,1.30,2.25
2014.09.04 05:37:22.868,7.00441,7.00719,1.30,2.25
2014.09.04 05:37:26.341,7.00441,7.0072,1.30,3.00
2014.09.04 05:37:40.784,7.00441,7.0072,1.90,3.00
2014.09.04 05:37:41.092,7.00573,7.0072,1.50,3.00
2014.09.04 05:37:43.742,7.00573,7.00729,1.50,3.98
2014.09.04 05:37:43.793,7.00592,7.00729,1.30,3.98
2014.09.04 05:37:43.945,7.00592,7.00751,1.30,1.00
2014.09.04 05:37:43.996,7.00592,7.00885,1.30,1.00
2014.09.04 05:37:44.181,7.00592,7.00887,1.30,1.99
2014.09.04 05:37:44.845,7.00663,7.00935,1.99,1.30
2014.09.04 05:37:44.997,7.00663,7.00981,1.99,1.00
2014.09.04 05:37:45.099,7.00663,7.00981,1.99,1.60
2014.09.04 05:37:45.403,7.00522,7.0073,1.30,1.38
2014.09.04 05:37:46.193,7.00563,7.00918,1.30,1.30
2014.09.04 05:37:46.431,7.00596,7.00918,1.30,1.30
2014.09.04 05:37:46.482,7.00534,7.00877,1.30,1.30
2014.09.04 05:37:47.820,7.00534,7.0073,1.30,1.83
2014.09.04 05:37:49.197,7.00514,7.0073,1.30,1.83
2014.09.04 05:37:49.248,7.00487,7.0073,1.30,1.83
2014.09.04 05:37:59.744,7.00487,7.00729,1.30,1.23
2014.09.04 05:38:00.655,7.00487,7.0074,1.30,2.09
2014.09.04 05:38:05.944,7.00467,7.00737,1.30,2.75
2014.09.04 05:38:05.995,7.00438,7.00737,1.30,2.75
2014.09.04 05:38:26.064,7.00418,7.00737,1.30,2.46
2014.09.04 05:38:26.129,7.00407,7.00737,1.30,2.46
2014.09.04 05:38:28.111,7.00407,7.00707,1.30,1.99
2014.09.04 05:38:46.511,7.00412,7.00707,1.30,1.99
2014.09.04 05:39:06.555,7.00402,7.00707,1.30,1.99
2014.09.04 05:39:26.964,7.00401,7.00707,1.30,1.99
2014.09.04 05:39:28.844,7.00401,7.0074,1.30,1.09
2014.09.04 05:39:47.201,7.00399,7.0074,1.30,1.84
2014.09.04 05:40:07.949,7.00404,7.00735,1.30,1.65
2014.09.04 05:40:28.885,7.00402,7.0074,1.30,1.09
2014.09.04 05:40:49.259,7.00398,7.00737,1.30,1.65
2014.09.04 05:41:09.883,7.00401,7.00737,1.30,1.65
2014.09.04 05:41:29.918,7.00402,7.00737,1.30,1.65
2014.09.04 05:41:49.950,7.00408,7.0074,1.30,1.09
2014.09.04 05:42:06.686,7.00408,7.00687,1.30,1.99
2014.09.04 05:42:10.310,7.00388,7.00687,1.30,1.99
2014.09.04 05:42:10.362,7.00374,7.00687,1.30,1.99
2014.09.04 05:42:30.778,7.00375,7.00687,1.30,1.99
2014.09.04 05:43:06.656,7.00375,7.00718,1.30,1.30
2014.09.04 05:43:07.658,7.00375,7.00718,1.30,1.49
2014.09.04 05:43:08.661,7.00375,7.00715,1.30,1.19
2014.09.04 05:43:09.663,7.00375,7.00708,1.30,1.19
2014.09.04 05:43:10.665,7.00375,7.00704,1.30,1.19
2014.09.04 05:43:11.366,7.00375,7.00718,1.30,1.30
2014.09.04 05:43:11.709,7.00376,7.00718,1.30,2.05
2014.09.04 05:43:15.437,7.00376,7.00718,1.30,1.30
2014.09.04 05:43:31.498,7.00375,7.00718,1.30,1.30
2014.09.04 05:43:31.711,7.00375,7.00711,1.30,1.19
2014.09.04 05:43:32.808,7.00375,7.0071,1.30,1.19
2014.09.04 05:43:35.112,7.00375,7.00707,1.30,1.19
2014.09.04 05:43:36.314,7.00375,7.00706,1.30,1.19
2014.09.04 05:43:40.320,7.00375,7.00704,1.30,1.19
2014.09.04 05:43:41.321,7.00375,7.00706,1.30,1.19
2014.09.04 05:43:45.351,7.00375,7.00709,1.30,1.19
2014.09.04 05:43:46.331,7.00375,7.00707,1.30,1.19
2014.09.04 05:43:47.333,7.00375,7.00709,1.30,1.19
2014.09.04 05:43:49.336,7.00375,7.00702,1.30,1.19
2014.09.04 05:43:50.338,7.00375,7.00704,1.30,1.19
2014.09.04 05:43:51.883,7.00372,7.00704,1.30,1.19
2014.09.04 05:43:54.345,7.00372,7.00707,1.30,1.19
2014.09.04 05:43:55.346,7.00372,7.00706,1.30,1.19
2014.09.04 05:44:00.355,7.00372,7.00706,1.30,1.19
2014.09.04 05:44:01.378,7.00372,7.00704,1.30,1.19
2014.09.04 05:44:02.359,7.00372,7.00704,1.30,1.19
2014.09.04 05:44:03.411,7.00372,7.00704,1.30,1.19
2014.09.04 05:44:05.366,7.00372,7.00703,1.30,1.19
2014.09.04 05:44:06.367,7.00372,7.00705,1.30,1.19
2014.09.04 05:44:07.094,7.00372,7.00715,1.30,1.30
2014.09.04 05:44:11.924,7.00373,7.00716,1.30,1.30
2014.09.04 05:44:16.938,7.00373,7.00716,1.30,1.67
2014.09.04 05:44:22.249,7.00373,7.00716,1.30,2.05
2014.09.04 05:44:22.351,7.00325,7.00668,1.30,1.30
2014.09.04 05:44:22.528,7.00343,7.00657,1.36,1.99
2014.09.04 05:44:22.843,7.00333,7.00626,2.53,1.99
2014.09.04 05:45:10.212,7.00335,7.00626,1.57,1.99
2014.09.04 05:45:10.364,7.00335,7.00667,1.57,1.99
2014.09.04 05:45:10.481,7.00364,7.00667,1.30,1.99
2014.09.04 05:45:11.149,7.00385,7.00667,1.30,1.99
2014.09.04 05:45:21.898,7.00385,7.00697,1.30,1.99
2014.09.04 05:45:30.908,7.00383,7.00697,1.30,1.99
2014.09.04 05:45:51.035,7.0038,7.00697,1.30,1.99
2014.09.04 05:46:00.778,7.0038,7.00697,1.30,2.18
2014.09.04 05:46:01.782,7.0038,7.00697,1.30,1.99
2014.09.04 05:46:11.968,7.00383,7.00697,1.30,1.99
2014.09.04 05:46:22.225,7.00383,7.00726,1.30,2.06
2014.09.04 05:46:23.227,7.00383,7.00722,1.30,1.34
2014.09.04 05:46:31.885,7.0038,7.00722,1.30,1.34
2014.09.04 05:46:34.249,7.0038,7.00715,1.30,1.19
2014.09.04 05:46:35.251,7.0038,7.00715,1.30,1.19
2014.09.04 05:46:37.255,7.0038,7.00713,1.30,1.19
2014.09.04 05:46:39.259,7.0038,7.00712,1.30,1.19
2014.09.04 05:46:40.260,7.0038,7.00713,1.30,1.19
2014.09.04 05:46:44.268,7.0038,7.00711,1.30,1.19
2014.09.04 05:46:45.270,7.0038,7.0071,1.30,1.19
2014.09.04 05:46:47.273,7.0038,7.00709,1.30,1.19
2014.09.04 05:46:48.275,7.0038,7.00712,1.30,1.19
2014.09.04 05:46:49.277,7.0038,7.00712,1.30,1.19
2014.09.04 05:46:51.937,7.00378,7.00711,1.30,1.19
2014.09.04 05:46:53.283,7.00378,7.00709,1.30,1.19
2014.09.04 05:46:54.287,7.00378,7.00712,1.30,1.19
2014.09.04 05:46:55.289,7.00378,7.00715,1.30,1.19
2014.09.04 05:46:56.291,7.00378,7.00713,1.30,1.19
2014.09.04 05:46:57.293,7.00378,7.0071,1.30,1.19
2014.09.04 05:46:59.398,7.00378,7.00711,1.30,1.19
2014.09.04 05:47:02.438,7.00378,7.00709,1.30,1.19
2014.09.04 05:47:03.405,7.00378,7.0071,1.30,1.19
2014.09.04 05:47:04.407,7.00378,7.00712,1.30,1.19
2014.09.04 05:47:05.409,7.00378,7.0071,1.30,1.19
2014.09.04 05:47:06.429,7.00378,7.00712,1.30,1.19
2014.09.04 05:47:08.416,7.00378,7.00713,1.30,1.19
2014.09.04 05:47:10.420,7.00378,7.00715,1.30,1.19
2014.09.04 05:47:11.436,7.00378,7.00712,1.30,1.19
2014.09.04 05:47:11.945,7.00377,7.00712,1.30,1.19
2014.09.04 05:47:15.430,7.00377,7.00711,1.30,1.19
2014.09.04 05:47:17.434,7.00377,7.00711,1.30,1.19
2014.09.04 05:47:18.479,7.00377,7.00711,1.30,1.19
2014.09.04 05:47:19.439,7.00377,7.00715,1.30,1.19
2014.09.04 05:47:20.441,7.00377,7.00711,1.30,1.19
2014.09.04 05:47:22.477,7.00377,7.00711,1.30,1.19
2014.09.04 05:47:23.447,7.00377,7.00709,1.30,1.19
2014.09.04 05:47:24.449,7.00377,7.00714,1.30,1.19
2014.09.04 05:47:25.451,7.00377,7.00713,1.30,1.19
2014.09.04 05:47:27.537,7.00377,7.00712,1.30,1.19
2014.09.04 05:47:28.458,7.00377,7.00713,1.30,1.19
2014.09.04 05:47:31.478,7.00377,7.00713,1.30,1.19
2014.09.04 05:47:32.874,7.00382,7.00714,1.30,1.19
2014.09.04 05:47:33.468,7.00382,7.00712,1.30,1.19
2014.09.04 05:47:34.471,7.00382,7.00714,1.30,1.19
2014.09.04 05:47:38.479,7.00382,7.00714,1.30,1.19
2014.09.04 05:47:39.481,7.00382,7.00712,1.30,1.19
2014.09.04 05:47:40.508,7.00382,7.00712,1.30,1.19
2014.09.04 05:47:41.498,7.00382,7.00712,1.30,1.19
2014.09.04 05:47:44.492,7.00382,7.00714,1.30,1.19
2014.09.04 05:47:46.507,7.00382,7.00714,1.30,1.19
2014.09.04 05:47:47.497,7.00382,7.00715,1.30,1.19
2014.09.04 05:47:48.609,7.00382,7.00713,1.30,1.19
2014.09.04 05:47:49.609,7.00382,7.00715,1.30,1.19
2014.09.04 05:47:50.604,7.00382,7.00713,1.30,1.19
2014.09.04 05:47:52.607,7.00382,7.00712,1.30,1.19
2014.09.04 05:47:53.505,7.00378,7.00712,1.30,1.19
2014.09.04 05:48:00.622,7.00378,7.00711,1.30,1.19
2014.09.04 05:48:01.625,7.00378,7.00713,1.30,1.19
2014.09.04 05:48:02.627,7.00378,7.00713,1.30,1.19
2014.09.04 05:48:05.635,7.00378,7.00713,1.30,1.19
2014.09.04 05:48:08.641,7.00378,7.00712,1.30,1.19
2014.09.04 05:48:11.646,7.00378,7.00712,1.30,1.19
2014.09.04 05:48:12.647,7.00378,7.00713,1.30,1.19
2014.09.04 05:48:13.650,7.00378,7.00714,1.30,1.19
2014.09.04 05:48:13.940,7.0038,7.00714,1.30,1.19
2014.09.04 05:48:14.651,7.0038,7.00714,1.30,1.19
2014.09.04 05:48:15.653,7.0038,7.00712,1.30,1.19
2014.09.04 05:48:17.657,7.0038,7.00713,1.30,1.19
2014.09.04 05:48:18.659,7.0038,7.00713,1.30,1.19
2014.09.04 05:48:21.663,7.0038,7.00712,1.30,1.19
2014.09.04 05:48:22.063,7.0038,7.00723,1.30,1.45
2014.09.04 05:48:34.668,7.00373,7.00716,1.30,1.30
2014.09.04 05:48:54.799,7.00373,7.00716,1.30,2.05
2014.09.04 05:48:55.103,7.00302,7.00627,1.85,1.99
2014.09.04 05:48:57.053,7.00302,7.00627,1.97,1.99
2014.09.04 05:49:35.740,7.00329,7.00627,1.30,1.99
2014.09.04 05:49:39.176,7.00329,7.00657,1.30,1.99
2014.09.04 05:49:55.419,7.00339,7.00657,1.30,1.99
2014.09.04 05:50:30.454,7.00353,7.00678,1.99,1.19
2014.09.04 05:50:30.606,7.00353,7.00682,1.99,1.30
2014.09.04 05:50:30.809,7.00339,7.00657,1.30,1.99
2014.09.04 05:50:36.070,7.00342,7.00657,1.30,1.99
2014.09.04 05:50:36.395,7.00362,7.00657,1.30,1.99
2014.09.04 05:50:56.903,7.00364,7.00657,1.30,1.99
2014.09.04 05:51:29.062,7.00394,7.00707,1.99,1.30
2014.09.04 05:51:32.586,7.00394,7.00707,1.99,2.05
2014.09.04 05:51:37.977,7.00394,7.00696,1.99,1.30
2014.09.04 05:51:40.516,7.00394,7.00696,1.99,1.49
2014.09.04 05:51:41.498,7.00394,7.00696,1.99,1.49
2014.09.04 05:51:43.499,7.00394,7.00696,1.99,1.49
2014.09.04 05:51:44.501,7.00394,7.00696,1.99,1.49
2014.09.04 05:51:45.502,7.00394,7.00693,1.99,1.19
2014.09.04 05:51:46.504,7.00394,7.00692,1.99,1.19
2014.09.04 05:51:48.507,7.00394,7.0069,1.99,1.19
2014.09.04 05:51:55.519,7.00394,7.00691,1.99,1.19
2014.09.04 05:51:57.152,7.00394,7.00696,1.99,1.30
2014.09.04 05:51:58.025,7.00394,7.00697,1.99,1.30
2014.09.04 05:52:03.835,7.00394,7.00697,1.99,2.05
2014.09.04 05:52:07.161,7.00394,7.00697,1.99,1.30
2014.09.04 05:52:18.253,7.00394,7.00685,1.99,1.30
2014.09.04 05:52:20.864,7.00394,7.00685,1.99,1.67
2014.09.04 05:52:22.614,7.00394,7.00685,1.99,1.86
2014.09.04 05:52:23.881,7.00394,7.00672,1.99,1.19
2014.09.04 05:52:25.184,7.00394,7.00666,1.99,1.19
2014.09.04 05:52:26.187,7.00394,7.00664,1.99,1.19
2014.09.04 05:52:26.588,7.00394,7.00685,1.99,1.67
2014.09.04 05:52:29.148,7.00342,7.00685,1.30,1.67
2014.09.04 05:52:32.778,7.00342,7.00677,1.30,1.31
2014.09.04 05:52:38.213,7.00342,7.00677,1.30,1.92
2014.09.04 05:52:38.900,7.00327,7.0067,1.30,1.49
2014.09.04 05:52:39.819,7.00327,7.0067,1.30,1.49
2014.09.04 05:52:40.217,7.00327,7.00659,1.30,1.19
2014.09.04 05:52:43.223,7.00327,7.00657,1.30,1.19
2014.09.04 05:52:44.225,7.00327,7.00655,1.30,1.19
2014.09.04 05:52:45.227,7.00327,7.00659,1.30,1.19
2014.09.04 05:52:45.528,7.00327,7.0067,1.30,1.30
2014.09.04 05:52:47.028,7.00327,7.0067,1.30,2.05
2014.09.04 05:52:47.332,7.00283,7.00582,1.99,2.10
2014.09.04 05:53:17.800,7.00283,7.00573,1.99,2.27
2014.09.04 05:53:36.911,7.00253,7.00575,1.99,2.09
2014.09.04 05:53:42.850,7.00233,7.00567,1.31,2.59
2014.09.04 05:53:44.025,7.00243,7.00567,1.31,2.59
2014.09.04 05:53:44.771,7.00234,7.00567,1.31,2.59
2014.09.04 05:53:44.873,7.00243,7.00567,1.31,2.59
2014.09.04 05:53:44.975,7.00233,7.00567,1.31,2.59
2014.09.04 05:53:45.879,7.00232,7.00567,1.30,3.34
2014.09.04 05:53:47.947,7.00223,7.00542,1.99,1.30
2014.09.04 05:53:48.206,7.00223,7.00538,1.99,2.10
2014.09.04 05:53:48.651,7.00213,7.00517,1.31,2.59
2014.09.04 05:53:48.703,7.00204,7.00517,1.00,2.59
2014.09.04 05:53:49.701,7.00199,7.00517,1.30,2.59
2014.09.04 05:53:58.352,7.00203,7.00527,1.99,2.10
2014.09.04 05:54:04.741,7.00216,7.00527,1.00,2.10
2014.09.04 05:54:05.249,7.00226,7.00527,1.00,2.10
2014.09.04 05:54:06.258,7.00236,7.00527,1.00,2.10
2014.09.04 05:54:07.661,7.00246,7.00527,1.00,2.10
2014.09.04 05:54:07.963,7.00203,7.00527,2.98,2.10
2014.09.04 05:54:08.014,7.00216,7.00527,1.30,2.10
2014.09.04 05:54:16.368,7.00243,7.0053,1.99,1.60
2014.09.04 05:54:18.747,7.00243,7.00555,1.99,2.10
2014.09.04 05:54:19.209,7.00243,7.00559,1.99,1.90
2014.09.04 05:54:24.438,7.00223,7.00557,2.98,2.59
2014.09.04 05:54:49.341,7.00223,7.00535,1.99,2.10
2014.09.04 05:55:19.459,7.00223,7.00539,1.99,3.07
2014.09.04 05:55:24.674,7.00203,7.00539,1.31,3.07
2014.09.04 05:55:27.698,7.00213,7.00539,1.31,3.07
2014.09.04 05:55:45.051,7.00203,7.00539,1.31,2.10
2014.09.04 05:55:49.488,7.00203,7.00532,1.31,1.90
2014.09.04 05:56:19.872,7.00203,7.00531,1.31,2.29
2014.09.04 05:56:37.571,7.00213,7.00531,1.31,2.10
2014.09.04 05:56:40.988,7.00203,7.00531,1.31,2.10
2014.09.04 05:56:50.539,7.00203,7.00532,1.31,2.10
2014.09.04 05:56:53.362,7.00196,7.00532,1.30,2.10
2014.09.04 05:56:54.628,7.00193,7.00487,1.99,1.30
2014.09.04 05:56:55.027,7.00193,7.00487,1.99,1.90
2014.09.04 05:56:55.078,7.00193,7.00487,1.99,1.90
2014.09.04 05:56:58.619,7.00193,7.00487,1.99,1.90
2014.09.04 05:56:58.822,7.00193,7.00487,1.99,1.90
2014.09.04 05:57:01.538,7.00193,7.00487,1.99,1.90
2014.09.04 05:57:01.872,7.00193,7.00487,1.99,1.90
2014.09.04 05:57:03.517,7.00193,7.00487,2.98,1.90
2014.09.04 05:57:04.842,7.00193,7.00487,1.99,1.90
2014.09.04 05:57:06.847,7.00193,7.00487,1.99,1.90
2014.09.04 05:57:07.069,7.00193,7.00487,1.99,1.90
2014.09.04 05:57:10.776,7.00193,7.00487,1.99,1.90
2014.09.04 05:57:11.130,7.00193,7.00487,1.99,1.90
2014.09.04 05:57:12.318,7.00193,7.00487,1.99,1.90
2014.09.04 05:57:12.571,7.00193,7.00487,1.99,1.90
2014.09.04 05:57:15.868,7.00193,7.00505,1.99,2.10
2014.09.04 05:57:16.637,7.00193,7.00511,1.99,2.10
2014.09.04 05:57:17.430,7.00263,7.00511,1.99,2.10
2014.09.04 05:57:47.297,7.00263,7.00527,1.50,1.00
2014.09.04 05:57:49.368,7.00263,7.00517,1.50,1.00
2014.09.04 05:57:51.355,7.00263,7.00506,1.50,1.00
2014.09.04 05:57:51.478,7.00243,7.00506,3.49,1.00
2014.09.04 05:57:51.579,7.00243,7.00496,3.49,1.00
2014.09.04 05:57:51.888,7.00243,7.00487,3.49,1.00
2014.09.04 05:57:51.939,7.00263,7.00517,1.50,1.00
2014.09.04 05:57:52.252,7.00263,7.00507,1.50,1.00
2014.09.04 05:57:52.581,7.00263,7.00537,1.50,1.00
2014.09.04 05:57:52.632,7.00263,7.00507,1.50,1.99
2014.09.04 05:57:52.734,7.00214,7.00507,1.30,1.99
2014.09.04 05:57:52.835,7.00182,7.00507,1.30,1.99
2014.09.04 05:57:54.358,7.00182,7.00503,1.30,2.10
2014.09.04 05:57:54.560,7.00182,7.00507,1.30,1.99
2014.09.04 05:57:54.611,7.00283,7.00517,1.99,1.00
2014.09.04 05:57:54.915,7.00303,7.00537,1.50,1.00
2014.09.04 05:57:59.624,7.00283,7.00506,1.99,2.10
2014.09.04 05:57:59.675,7.00229,7.00506,1.30,4.09
2014.09.04 05:58:00.366,7.00197,7.00506,1.19,4.09
2014.09.04 05:58:01.296,7.00182,7.00506,1.30,4.09
2014.09.04 05:58:09.951,7.00183,7.00506,1.31,4.09
2014.09.04 05:58:13.949,7.00183,7.00506,1.31,2.59
2014.09.04 05:58:14.165,7.00182,7.00491,1.30,2.10
2014.09.04 05:58:14.216,7.00174,7.00477,2.18,1.90
2014.09.04 05:58:14.606,7.00183,7.00477,1.31,1.90
2014.09.04 05:58:14.732,7.00174,7.00477,2.18,1.30
2014.09.04 05:58:14.892,7.00174,7.00477,1.99,1.30
2014.09.04 05:58:20.258,7.00183,7.00477,1.31,1.30
2014.09.04 05:58:22.207,7.00183,7.00477,1.50,1.30
2014.09.04 05:58:23.209,7.00183,7.00477,1.50,1.30
2014.09.04 05:58:24.243,7.00174,7.00477,1.99,1.30
2014.09.04 05:58:24.623,7.00174,7.00477,1.99,1.90
2014.09.04 05:58:30.001,7.00174,7.00477,1.99,1.30
2014.09.04 05:58:30.575,7.00174,7.00477,2.18,1.30
2014.09.04 05:58:31.325,7.00174,7.00477,1.99,1.30
2014.09.04 05:58:32.572,7.00183,7.00477,1.31,1.30
2014.09.04 05:58:34.304,7.00183,7.00501,1.31,1.79
2014.09.04 05:58:37.601,7.00193,7.00506,1.31,2.59
2014.09.04 05:58:41.917,7.00183,7.00506,1.31,2.59
2014.09.04 05:59:00.089,7.00173,7.005,1.31,1.79
2014.09.04 05:59:01.585,7.00173,7.00504,1.31,2.10
2014.09.04 05:59:01.636,7.00169,7.00504,1.30,2.10
2014.09.04 05:59:14.407,7.00153,7.00496,1.72,1.90
2014.09.04 05:59:19.156,7.00153,7.00496,1.72,1.90
2014.09.04 05:59:19.308,7.00203,7.00496,1.99,1.90
2014.09.04 05:59:30.093,7.00203,7.0042,1.99,1.30
2014.09.04 05:59:39.737,7.00203,7.00478,1.99,1.30
2014.09.04 05:59:40.266,7.00203,7.00467,1.99,1.30
2014.09.04 05:59:40.576,7.00203,7.00447,1.99,1.30
2014.09.04 05:59:50.546,7.00158,7.00447,2.25,1.30
2014.09.04 05:59:54.610,7.00164,7.00447,1.31,1.30
2014.09.04 05:59:55.191,7.00164,7.00576,1.31,1.31
2014.09.04 05:59:55.242,7.00158,7.00577,2.25,1.31
2014.09.04 05:59:56.713,7.00158,7.00577,2.25,1.50
2014.09.04 05:59:57.706,7.00158,7.00577,2.25,1.50
2014.09.04 05:59:58.678,7.00158,7.00567,2.25,1.31
2014.09.04 05:59:59.184,7.00158,7.00575,2.25,1.19
