2012.03.26 16:00:00.064,6.68123,6.68226,1.13,1.50
2012.03.26 16:00:00.330,6.68124,6.68226,1.50,1.50
2012.03.26 16:00:00.418,6.68138,6.6825,2.25,1.50
2012.03.26 16:00:00.742,6.68138,6.68262,2.25,1.88
2012.03.26 16:00:01.294,6.68128,6.68307,2.25,1.50
2012.03.26 16:00:02.542,6.68128,6.68307,2.25,1.50
2012.03.26 16:00:03.502,6.68128,6.68307,2.25,1.50
2012.03.26 16:00:04.190,6.6814,6.68307,1.13,1.50
2012.03.26 16:00:04.753,6.68142,6.68307,1.13,1.50
2012.03.26 16:00:05.960,6.68145,6.68307,1.13,1.50
2012.03.26 16:00:08.155,6.68141,6.68317,1.13,2.25
2012.03.26 16:00:10.241,6.6816,6.68317,1.13,2.25
2012.03.26 16:00:10.433,6.68161,6.68341,2.25,2.25
2012.03.26 16:00:11.204,6.68167,6.68341,1.13,2.25
2012.03.26 16:00:11.510,6.68167,6.68341,1.13,2.25
2012.03.26 16:00:12.780,6.68161,6.68341,2.25,2.25
2012.03.26 16:00:15.981,6.68171,6.68341,1.13,2.25
2012.03.26 16:00:16.852,6.68161,6.68341,2.25,2.25
2012.03.26 16:00:18.823,6.68161,6.68341,2.25,2.25
2012.03.26 16:00:19.919,6.68161,6.68341,2.25,2.25
2012.03.26 16:00:21.389,6.68161,6.68341,2.25,1.50
2012.03.26 16:00:21.458,6.68198,6.68341,1.50,1.50
2012.03.26 16:00:21.591,6.68253,6.68395,1.50,1.13
2012.03.26 16:00:21.658,6.68253,6.68418,1.50,2.25
2012.03.26 16:00:21.808,6.68272,6.68444,1.50,1.50
2012.03.26 16:00:23.224,6.68272,6.68453,1.50,2.25
2012.03.26 16:00:24.677,6.68272,6.68453,1.50,2.25
2012.03.26 16:00:25.722,6.68272,6.68453,1.50,2.25
2012.03.26 16:00:26.828,6.68248,6.68416,2.25,2.25
2012.03.26 16:00:26.897,6.68248,6.68416,1.50,2.25
2012.03.26 16:00:26.978,6.68235,6.68416,1.50,2.25
2012.03.26 16:00:27.051,6.68212,6.68375,2.25,1.50
2012.03.26 16:00:28.158,6.68196,6.68375,2.25,1.50
2012.03.26 16:00:30.317,6.68196,6.68375,2.25,1.50
2012.03.26 16:00:31.237,6.68223,6.68399,1.50,1.50
2012.03.26 16:00:31.319,6.68223,6.68402,1.50,1.88
2012.03.26 16:00:31.630,6.68223,6.68402,2.25,2.25
2012.03.26 16:00:32.142,6.68231,6.68402,1.13,2.25
2012.03.26 16:00:32.664,6.68223,6.68402,2.25,2.25
2012.03.26 16:00:33.269,6.68223,6.68402,1.88,2.25
2012.03.26 16:00:35.869,6.68223,6.68402,2.25,2.25
2012.03.26 16:00:39.317,6.68223,6.68402,2.25,2.25
2012.03.26 16:00:45.906,6.68223,6.68402,2.25,2.25
2012.03.26 16:00:46.952,6.68223,6.68402,1.50,2.25
2012.03.26 16:00:47.304,6.68184,6.68349,1.13,2.25
2012.03.26 16:00:47.798,6.68184,6.68349,1.13,2.25
2012.03.26 16:00:48.799,6.68192,6.68349,1.13,2.25
2012.03.26 16:00:48.934,6.68209,6.68349,1.13,2.25
2012.03.26 16:00:49.998,6.68212,6.68376,1.13,2.25
2012.03.26 16:00:50.728,6.68222,6.68376,1.13,2.25
2012.03.26 16:00:51.858,6.68222,6.68376,1.13,2.25
2012.03.26 16:00:55.563,6.68222,6.68376,1.50,2.25
2012.03.26 16:00:58.594,6.68222,6.68401,1.13,2.25
2012.03.26 16:00:59.735,6.68222,6.68401,1.50,2.25
2012.03.26 16:01:00.061,6.6821,6.68375,1.13,2.25
2012.03.26 16:01:01.997,6.68222,6.68375,1.13,2.25
2012.03.26 16:01:03.480,6.68222,6.68375,1.13,2.25
2012.03.26 16:01:03.841,6.68222,6.68375,1.50,1.88
2012.03.26 16:01:05.686,6.68251,6.68431,2.25,2.25
2012.03.26 16:01:06.841,6.68251,6.68431,2.25,2.25
2012.03.26 16:01:07.731,6.68254,6.68431,1.50,2.25
2012.03.26 16:01:12.494,6.68254,6.68431,1.50,2.25
2012.03.26 16:01:16.862,6.68254,6.68431,1.50,2.25
2012.03.26 16:01:18.442,6.68254,6.68431,1.50,2.25
2012.03.26 16:01:21.707,6.68254,6.68431,1.50,2.25
2012.03.26 16:01:21.786,6.68254,6.68431,1.50,2.25
2012.03.26 16:01:21.939,6.68276,6.68456,2.25,2.25
2012.03.26 16:01:22.285,6.68305,6.68465,2.25,1.13
2012.03.26 16:01:23.450,6.6833,6.6851,2.25,2.25
2012.03.26 16:01:23.981,6.6833,6.68503,1.50,1.50
2012.03.26 16:01:24.121,6.68314,6.68487,1.50,2.25
2012.03.26 16:01:25.091,6.68305,6.68487,2.25,2.25
2012.03.26 16:01:26.272,6.68305,6.68487,2.25,2.25
2012.03.26 16:01:27.271,6.68305,6.68487,1.88,2.25
2012.03.26 16:01:28.199,6.68277,6.68459,2.25,2.25
2012.03.26 16:01:28.572,6.68262,6.68431,1.50,2.25
2012.03.26 16:01:29.252,6.68251,6.68431,2.25,2.25
2012.03.26 16:01:30.558,6.68251,6.68431,2.25,2.25
2012.03.26 16:01:31.111,6.68279,6.68459,1.50,2.25
2012.03.26 16:01:31.243,6.68279,6.68459,2.25,2.25
2012.03.26 16:01:31.653,6.68305,6.68487,1.88,2.25
2012.03.26 16:01:34.049,6.68315,6.68487,1.13,2.25
2012.03.26 16:01:37.960,6.6831,6.68487,1.13,2.25
2012.03.26 16:01:38.663,6.6831,6.68487,1.13,2.25
2012.03.26 16:01:38.813,6.68324,6.68487,1.13,2.25
2012.03.26 16:01:40.096,6.68324,6.68487,1.13,2.25
2012.03.26 16:01:41.609,6.68324,6.68487,1.50,2.25
2012.03.26 16:01:42.812,6.68334,6.68515,1.50,2.25
2012.03.26 16:01:43.294,6.68352,6.68515,1.13,2.25
2012.03.26 16:01:43.936,6.68334,6.68515,1.50,2.25
2012.03.26 16:01:44.358,6.68339,6.68515,1.13,2.25
2012.03.26 16:01:44.828,6.68339,6.68515,1.13,2.25
2012.03.26 16:01:44.920,6.68363,6.6854,1.13,2.25
2012.03.26 16:01:45.179,6.68365,6.6854,1.13,2.25
2012.03.26 16:01:45.866,6.68358,6.6854,2.25,2.25
2012.03.26 16:01:46.884,6.68358,6.6854,2.25,2.25
2012.03.26 16:01:46.952,6.68358,6.6854,1.50,2.25
2012.03.26 16:01:47.711,6.68358,6.6854,2.25,2.25
2012.03.26 16:01:47.972,6.68358,6.6854,2.25,2.25
2012.03.26 16:01:49.082,6.68385,6.68567,1.50,3.00
2012.03.26 16:01:51.999,6.68385,6.68567,1.50,3.00
2012.03.26 16:01:52.187,6.68385,6.68567,1.50,3.00
2012.03.26 16:01:52.325,6.68361,6.6854,1.88,2.25
2012.03.26 16:01:53.501,6.68358,6.6854,2.25,2.25
2012.03.26 16:01:53.654,6.68383,6.68558,1.50,1.50
2012.03.26 16:01:54.250,6.68359,6.68531,2.25,2.25
2012.03.26 16:01:55.891,6.68353,6.68531,1.50,2.25
2012.03.26 16:01:56.316,6.68353,6.68531,1.50,2.25
2012.03.26 16:01:57.593,6.68353,6.68531,1.50,2.25
2012.03.26 16:01:58.681,6.68353,6.68531,1.50,2.25
2012.03.26 16:01:59.547,6.68336,6.68506,1.13,2.25
2012.03.26 16:01:59.893,6.68326,6.68474,1.50,2.25
2012.03.26 16:02:01.339,6.68326,6.68503,1.50,2.25
2012.03.26 16:02:01.656,6.68326,6.68478,1.50,2.25
2012.03.26 16:02:03.643,6.68326,6.68478,1.50,2.25
2012.03.26 16:02:04.869,6.68326,6.68478,1.50,2.25
2012.03.26 16:02:05.629,6.68326,6.68478,1.50,2.25
2012.03.26 16:02:05.941,6.6831,6.68478,1.13,2.25
2012.03.26 16:02:06.250,6.6831,6.68478,1.13,2.25
2012.03.26 16:02:07.330,6.68314,6.68478,1.50,2.25
2012.03.26 16:02:07.808,6.68314,6.68478,1.50,2.25
2012.03.26 16:02:08.150,6.68303,6.68451,1.13,2.25
2012.03.26 16:02:10.615,6.68314,6.68451,1.13,2.25
2012.03.26 16:02:11.883,6.68314,6.68477,1.50,2.25
2012.03.26 16:02:13.040,6.68311,6.68477,1.13,2.25
2012.03.26 16:02:15.609,6.683,6.68451,1.13,2.25
2012.03.26 16:02:16.972,6.68305,6.68451,1.13,2.25
2012.03.26 16:02:18.418,6.68304,6.68451,1.13,2.25
2012.03.26 16:02:21.088,6.68306,6.68451,1.13,2.25
2012.03.26 16:02:30.739,6.6831,6.68451,1.13,2.25
2012.03.26 16:02:40.049,6.68311,6.68451,1.13,2.25
2012.03.26 16:02:42.191,6.68314,6.68451,1.50,2.25
2012.03.26 16:02:42.437,6.68322,6.6848,1.13,2.25
2012.03.26 16:02:55.717,6.68324,6.6848,1.13,2.25
2012.03.26 16:02:57.207,6.68312,6.6848,1.13,2.25
2012.03.26 16:02:59.247,6.68311,6.68472,1.13,1.50
2012.03.26 16:03:00.703,6.68304,6.68454,1.13,2.25
2012.03.26 16:03:00.773,6.68313,6.68454,1.50,2.25
2012.03.26 16:03:01.296,6.68311,6.68454,1.13,2.25
2012.03.26 16:03:04.591,6.68311,6.68454,1.13,2.25
2012.03.26 16:03:12.047,6.68309,6.68454,1.13,2.25
2012.03.26 16:03:16.618,6.68312,6.68454,1.13,2.25
2012.03.26 16:03:22.179,6.68287,6.68454,1.13,2.25
2012.03.26 16:03:22.381,6.68301,6.68454,1.13,2.25
2012.03.26 16:03:23.610,6.68312,6.68454,1.13,2.25
2012.03.26 16:03:27.540,6.6827,6.68415,1.13,2.25
2012.03.26 16:03:29.098,6.68273,6.68443,1.13,2.25
2012.03.26 16:03:30.359,6.68268,6.68443,1.13,2.25
2012.03.26 16:03:31.410,6.6827,6.68443,1.13,2.25
2012.03.26 16:03:32.543,6.6827,6.68443,1.13,2.25
2012.03.26 16:03:33.510,6.68282,6.68443,1.13,2.25
2012.03.26 16:03:34.634,6.68273,6.68443,1.13,2.25
2012.03.26 16:03:37.548,6.68269,6.68443,1.13,2.25
2012.03.26 16:03:38.641,6.68273,6.68443,1.13,2.25
2012.03.26 16:03:39.506,6.68261,6.68432,2.25,1.50
2012.03.26 16:03:39.585,6.68261,6.68422,2.25,1.50
2012.03.26 16:03:40.036,6.68224,6.68404,2.25,2.25
2012.03.26 16:03:40.381,6.68227,6.68404,1.13,2.25
2012.03.26 16:03:41.577,6.68218,6.68379,1.50,2.25
2012.03.26 16:03:42.771,6.68218,6.68379,1.50,2.25
2012.03.26 16:03:43.768,6.68221,6.68379,1.13,2.25
2012.03.26 16:03:47.607,6.68222,6.68379,1.13,2.25
2012.03.26 16:03:50.931,6.68234,6.68379,1.13,2.25
2012.03.26 16:03:54.365,6.68251,6.68379,1.13,2.25
2012.03.26 16:03:54.700,6.68263,6.68405,1.13,2.25
2012.03.26 16:03:54.769,6.68263,6.68405,1.13,2.25
2012.03.26 16:03:55.841,6.68261,6.68405,1.13,2.25
2012.03.26 16:03:57.754,6.68257,6.68405,1.13,2.25
2012.03.26 16:03:58.700,6.6826,6.68405,1.13,2.25
2012.03.26 16:04:09.471,6.68267,6.68405,1.13,2.25
2012.03.26 16:04:13.780,6.68264,6.68405,1.13,2.25
2012.03.26 16:04:14.109,6.68242,6.68405,1.13,2.25
2012.03.26 16:04:14.449,6.68227,6.68374,1.13,2.25
2012.03.26 16:04:16.195,6.6823,6.68374,1.13,2.25
2012.03.26 16:04:18.277,6.68204,6.68374,1.50,2.25
2012.03.26 16:04:20.904,6.68211,6.68374,1.13,2.25
2012.03.26 16:04:21.163,6.68208,6.68374,1.13,2.25
2012.03.26 16:04:21.307,6.68208,6.68374,1.50,2.25
2012.03.26 16:04:24.664,6.68205,6.68374,1.13,2.25
2012.03.26 16:04:24.983,6.68208,6.68349,1.50,2.25
2012.03.26 16:04:28.782,6.68208,6.68375,1.50,2.25
2012.03.26 16:04:32.332,6.68208,6.68375,1.50,2.25
2012.03.26 16:04:32.676,6.68279,6.68448,2.25,1.50
2012.03.26 16:04:33.535,6.68279,6.68452,1.88,1.50
2012.03.26 16:04:34.610,6.68253,6.68433,2.25,2.25
2012.03.26 16:04:37.798,6.68253,6.68433,2.25,2.25
2012.03.26 16:04:40.010,6.68253,6.68433,2.25,2.25
2012.03.26 16:04:40.358,6.68253,6.68433,1.88,2.25
2012.03.26 16:04:40.879,6.68236,6.68405,1.50,2.25
2012.03.26 16:04:42.450,6.6825,6.68432,2.25,2.25
2012.03.26 16:04:44.573,6.6825,6.68432,2.25,2.25
2012.03.26 16:04:45.808,6.68236,6.68405,1.50,2.25
2012.03.26 16:04:46.942,6.68236,6.68405,1.50,2.25
2012.03.26 16:04:53.499,6.68224,6.68405,3.00,2.25
2012.03.26 16:04:54.039,6.68224,6.68405,2.25,2.25
2012.03.26 16:04:54.718,6.68224,6.68405,2.25,2.25
2012.03.26 16:04:55.938,6.68224,6.68405,2.25,2.25
2012.03.26 16:04:56.917,6.68224,6.68402,2.25,1.50
2012.03.26 16:05:00.520,6.682,6.68379,2.63,2.25
2012.03.26 16:05:03.906,6.68201,6.68379,1.13,2.25
2012.03.26 16:05:06.393,6.68203,6.68379,1.13,2.25
2012.03.26 16:05:07.988,6.682,6.68379,2.63,2.25
2012.03.26 16:05:10.649,6.68202,6.68379,1.13,2.25
2012.03.26 16:05:14.369,6.682,6.68379,2.25,2.25
2012.03.26 16:05:16.087,6.682,6.68379,2.25,2.25
2012.03.26 16:05:17.603,6.682,6.68379,2.25,2.25
2012.03.26 16:05:17.809,6.68176,6.68348,2.25,2.25
2012.03.26 16:05:18.472,6.68194,6.68348,1.13,1.50
2012.03.26 16:05:18.889,6.68194,6.68371,1.13,2.25
2012.03.26 16:05:18.962,6.68194,6.68375,1.13,2.25
2012.03.26 16:05:19.568,6.682,6.68375,1.13,2.25
2012.03.26 16:05:21.359,6.68193,6.68375,2.25,2.25
2012.03.26 16:05:26.059,6.68193,6.68372,2.25,1.50
2012.03.26 16:05:27.048,6.68193,6.68375,2.25,2.25
2012.03.26 16:05:29.810,6.68169,6.68346,1.13,2.25
2012.03.26 16:05:29.966,6.68169,6.68346,1.13,2.25
2012.03.26 16:05:30.457,6.68166,6.68346,2.25,2.25
2012.03.26 16:05:33.020,6.68166,6.68332,2.25,1.50
2012.03.26 16:05:34.332,6.68166,6.68346,2.25,2.25
2012.03.26 16:05:37.020,6.68166,6.68346,2.25,2.25
2012.03.26 16:05:37.225,6.68163,6.68319,1.13,1.50
2012.03.26 16:05:37.513,6.68166,6.68342,2.25,1.50
2012.03.26 16:05:37.991,6.68163,6.6832,1.13,1.50
2012.03.26 16:05:38.656,6.68167,6.68342,2.25,1.50
2012.03.26 16:05:40.851,6.68167,6.68343,2.25,1.50
2012.03.26 16:05:42.262,6.68167,6.68346,2.25,2.25
2012.03.26 16:05:42.397,6.6818,6.68343,1.13,1.13
2012.03.26 16:05:43.067,6.6818,6.68346,1.13,1.88
2012.03.26 16:05:43.573,6.68186,6.68346,1.13,1.50
2012.03.26 16:05:46.738,6.68193,6.68346,1.35,1.50
2012.03.26 16:05:46.868,6.68215,6.68397,2.25,1.50
2012.03.26 16:05:47.001,6.68219,6.68397,2.25,1.50
2012.03.26 16:05:47.075,6.68244,6.68424,2.25,1.50
2012.03.26 16:05:47.150,6.68244,6.68424,1.50,1.50
2012.03.26 16:05:47.400,6.68217,6.68397,2.25,1.50
2012.03.26 16:05:48.325,6.68217,6.68397,2.25,1.50
2012.03.26 16:05:50.725,6.68217,6.68397,2.25,1.50
2012.03.26 16:05:51.022,6.68193,6.68345,1.01,1.50
2012.03.26 16:05:52.067,6.68218,6.68345,1.50,1.50
2012.03.26 16:05:52.151,6.68247,6.68372,1.13,1.50
2012.03.26 16:05:52.437,6.68238,6.68418,2.25,2.25
2012.03.26 16:05:52.513,6.68238,6.68418,2.25,1.50
2012.03.26 16:05:53.017,6.68238,6.68418,2.25,2.25
2012.03.26 16:05:54.240,6.68238,6.68418,2.25,1.88
2012.03.26 16:05:54.448,6.68238,6.68418,2.25,1.88
2012.03.26 16:05:56.710,6.68238,6.68418,2.25,2.25
2012.03.26 16:05:56.782,6.68238,6.68413,2.25,3.00
2012.03.26 16:05:57.002,6.68218,6.6836,1.50,2.25
2012.03.26 16:05:57.081,6.68155,6.68333,2.25,2.25
2012.03.26 16:05:57.279,6.68159,6.68333,1.13,2.25
2012.03.26 16:05:57.633,6.68159,6.68333,1.13,2.25
2012.03.26 16:05:58.362,6.68152,6.68333,2.25,1.50
2012.03.26 16:05:58.548,6.68152,6.68333,2.25,1.50
2012.03.26 16:05:58.682,6.68176,6.68357,2.25,3.00
2012.03.26 16:05:59.753,6.68176,6.68357,2.25,1.50
2012.03.26 16:05:59.848,6.68149,6.68329,2.25,1.50
2012.03.26 16:06:00.236,6.68125,6.68306,2.25,1.50
2012.03.26 16:06:00.453,6.68151,6.68331,2.25,1.50
2012.03.26 16:06:00.583,6.68151,6.68331,2.25,1.50
2012.03.26 16:06:00.654,6.68175,6.68354,2.25,1.50
2012.03.26 16:06:03.703,6.68153,6.68331,1.50,1.50
2012.03.26 16:06:07.671,6.68151,6.68327,2.25,1.50
2012.03.26 16:06:08.022,6.68134,6.68302,1.50,1.50
2012.03.26 16:06:09.038,6.68145,6.68327,2.25,1.50
2012.03.26 16:06:12.991,6.68145,6.68327,2.25,2.25
2012.03.26 16:06:13.358,6.68145,6.68327,2.25,2.25
2012.03.26 16:06:13.430,6.68145,6.68327,2.25,2.25
2012.03.26 16:06:13.561,6.68145,6.68327,2.25,2.25
2012.03.26 16:06:14.647,6.68145,6.68327,2.25,2.25
2012.03.26 16:06:15.031,6.68145,6.68327,2.25,2.25
2012.03.26 16:06:15.221,6.68156,6.68327,1.13,2.25
2012.03.26 16:06:16.957,6.68186,6.68327,1.50,1.50
2012.03.26 16:06:17.149,6.68203,6.68361,1.50,1.50
2012.03.26 16:06:17.281,6.68218,6.68397,2.25,1.50
2012.03.26 16:06:17.351,6.68234,6.68397,1.50,1.50
2012.03.26 16:06:17.570,6.68253,6.68435,2.25,2.25
2012.03.26 16:06:19.380,6.68253,6.68435,2.25,2.25
2012.03.26 16:06:21.497,6.68261,6.68435,1.35,1.50
2012.03.26 16:06:21.630,6.68323,6.68472,1.50,3.00
2012.03.26 16:06:21.760,6.68323,6.68517,1.50,1.50
2012.03.26 16:06:22.080,6.68342,6.68535,2.25,1.50
2012.03.26 16:06:22.499,6.68342,6.68535,2.25,1.50
2012.03.26 16:06:22.938,6.68362,6.68541,2.25,2.25
2012.03.26 16:06:23.238,6.68317,6.68499,1.50,1.50
2012.03.26 16:06:23.311,6.68317,6.68499,2.25,1.50
2012.03.26 16:06:23.504,6.68327,6.68509,2.25,1.50
2012.03.26 16:06:23.641,6.68327,6.68509,1.50,1.50
2012.03.26 16:06:25.038,6.68363,6.68533,1.50,2.25
2012.03.26 16:06:25.389,6.68428,6.6861,1.50,1.50
2012.03.26 16:06:25.772,6.68428,6.68602,1.50,2.25
2012.03.26 16:06:26.121,6.68383,6.68562,2.25,1.50
2012.03.26 16:06:26.463,6.68383,6.68562,2.25,2.25
2012.03.26 16:06:33.412,6.68383,6.68562,2.25,2.25
2012.03.26 16:06:33.486,6.68383,6.68562,2.63,2.25
2012.03.26 16:06:34.437,6.68383,6.68562,2.25,2.25
2012.03.26 16:06:35.980,6.68383,6.68562,2.25,2.25
2012.03.26 16:06:36.703,6.68509,6.68696,2.10,1.50
2012.03.26 16:06:37.061,6.68509,6.68747,2.10,1.50
2012.03.26 16:06:37.132,6.6863,6.68843,1.50,1.50
2012.03.26 16:06:37.198,6.68524,6.68764,2.25,2.25
2012.03.26 16:06:37.979,6.68564,6.68764,1.50,2.25
2012.03.26 16:06:40.860,6.68564,6.68744,1.50,2.25
2012.03.26 16:06:41.202,6.68565,6.68744,1.50,2.25
2012.03.26 16:06:41.312,6.68615,6.68797,1.50,2.25
2012.03.26 16:06:41.655,6.68643,6.68823,1.50,2.25
2012.03.26 16:06:42.816,6.68643,6.68823,1.50,2.25
2012.03.26 16:06:42.900,6.68669,6.68849,1.50,2.25
2012.03.26 16:06:43.733,6.68669,6.68849,1.50,2.25
2012.03.26 16:06:46.671,6.68669,6.68849,1.50,2.25
2012.03.26 16:06:47.939,6.68669,6.68849,1.50,2.25
2012.03.26 16:06:53.799,6.68669,6.68849,1.50,2.25
2012.03.26 16:06:53.929,6.68669,6.68849,1.50,2.25
2012.03.26 16:07:08.813,6.68642,6.68824,1.50,2.25
2012.03.26 16:07:08.885,6.68642,6.68824,1.50,2.25
2012.03.26 16:07:09.424,6.68642,6.68824,1.50,2.25
2012.03.26 16:07:12.003,6.68619,6.68799,2.25,2.25
2012.03.26 16:07:12.974,6.68617,6.68799,1.50,2.25
2012.03.26 16:07:13.047,6.68593,6.68772,2.25,2.25
2012.03.26 16:07:13.127,6.68593,6.68772,2.25,2.25
2012.03.26 16:07:13.306,6.6859,6.68772,2.25,2.25
2012.03.26 16:07:14.197,6.68624,6.68795,1.50,2.25
2012.03.26 16:07:14.341,6.68596,6.68778,2.25,2.25
2012.03.26 16:07:14.688,6.68596,6.68778,2.25,2.25
2012.03.26 16:07:20.405,6.68596,6.68778,2.25,2.25
2012.03.26 16:07:20.702,6.68596,6.68778,2.25,2.25
2012.03.26 16:07:20.778,6.6864,6.68822,1.50,2.25
2012.03.26 16:07:21.375,6.6864,6.68822,1.50,2.25
2012.03.26 16:07:21.529,6.68673,6.68853,1.50,2.25
2012.03.26 16:07:25.707,6.68647,6.68829,1.50,2.25
2012.03.26 16:07:25.863,6.68647,6.68829,1.50,2.25
2012.03.26 16:07:26.183,6.68672,6.68852,1.50,3.75
2012.03.26 16:07:30.621,6.68672,6.68852,1.50,2.25
2012.03.26 16:07:31.166,6.68672,6.68852,1.50,2.25
2012.03.26 16:07:31.689,6.68672,6.68852,1.50,2.25
2012.03.26 16:07:34.559,6.68643,6.68825,1.50,2.25
2012.03.26 16:07:35.061,6.68643,6.68825,1.50,2.25
2012.03.26 16:07:35.133,6.68643,6.68825,1.50,2.25
2012.03.26 16:07:38.972,6.6867,6.68852,1.50,2.25
2012.03.26 16:07:39.186,6.6867,6.68852,1.50,2.25
2012.03.26 16:07:41.192,6.6867,6.6885,1.50,2.25
2012.03.26 16:07:41.272,6.68644,6.68826,1.50,2.25
2012.03.26 16:07:41.409,6.68644,6.68826,1.50,2.25
2012.03.26 16:07:41.487,6.68644,6.68826,1.50,2.25
2012.03.26 16:07:41.571,6.6862,6.688,2.25,2.25
2012.03.26 16:07:41.860,6.6862,6.688,2.25,2.25
2012.03.26 16:07:41.949,6.68669,6.68851,1.50,2.25
2012.03.26 16:07:43.916,6.68696,6.68875,1.50,2.25
2012.03.26 16:07:44.190,6.68759,6.68929,2.25,1.50
2012.03.26 16:07:44.265,6.68759,6.68961,2.25,1.50
2012.03.26 16:07:46.453,6.68751,6.68933,2.25,1.50
2012.03.26 16:07:46.904,6.68751,6.68933,2.25,1.50
2012.03.26 16:07:47.270,6.68751,6.68933,2.25,1.50
2012.03.26 16:07:49.894,6.68723,6.68905,2.25,1.50
2012.03.26 16:07:50.094,6.68723,6.68903,1.50,1.50
2012.03.26 16:07:50.160,6.68697,6.68879,2.25,1.50
2012.03.26 16:07:50.999,6.68716,6.68879,1.35,1.50
2012.03.26 16:07:51.072,6.6877,6.68952,1.50,2.25
2012.03.26 16:07:51.138,6.6877,6.68952,3.00,1.50
2012.03.26 16:07:51.208,6.68794,6.68976,1.50,2.25
2012.03.26 16:07:51.405,6.68776,6.68958,1.50,1.50
2012.03.26 16:07:52.184,6.68747,6.68929,2.25,1.50
2012.03.26 16:07:53.632,6.68774,6.68952,1.50,1.50
2012.03.26 16:07:53.762,6.68774,6.68956,1.50,1.50
2012.03.26 16:07:54.190,6.6875,6.68931,1.50,1.50
2012.03.26 16:07:54.722,6.68749,6.68931,1.50,1.50
2012.03.26 16:07:55.059,6.68749,6.68931,2.25,1.50
2012.03.26 16:07:55.132,6.68775,6.68954,1.50,1.50
2012.03.26 16:07:55.379,6.68775,6.68957,1.50,1.50
2012.03.26 16:07:59.619,6.68775,6.68957,2.25,1.50
2012.03.26 16:08:01.974,6.68791,6.68957,1.50,1.50
2012.03.26 16:08:02.040,6.68814,6.68996,1.50,1.50
2012.03.26 16:08:18.507,6.68814,6.68996,2.25,1.50
2012.03.26 16:08:18.638,6.68847,6.69027,2.25,1.50
2012.03.26 16:08:18.708,6.68885,6.69051,1.50,1.50
2012.03.26 16:08:18.778,6.68885,6.69065,1.50,2.25
2012.03.26 16:08:19.678,6.68885,6.69065,1.50,1.50
2012.03.26 16:08:22.331,6.68885,6.69065,2.25,1.50
2012.03.26 16:08:23.522,6.68885,6.69065,2.25,1.50
2012.03.26 16:08:27.659,6.68885,6.69065,2.25,1.50
2012.03.26 16:08:27.734,6.6886,6.69039,2.25,1.50
2012.03.26 16:08:43.643,6.68832,6.69012,2.25,1.50
2012.03.26 16:08:44.244,6.68832,6.69012,2.25,1.50
2012.03.26 16:08:50.231,6.68832,6.69012,2.25,1.50
2012.03.26 16:08:51.681,6.68832,6.69012,2.25,1.50
2012.03.26 16:08:51.916,6.68832,6.69012,2.25,2.25
2012.03.26 16:08:52.117,6.68722,6.68942,2.25,1.50
2012.03.26 16:08:52.250,6.68722,6.68942,1.50,1.50
2012.03.26 16:08:52.450,6.68729,6.68942,1.50,1.50
2012.03.26 16:08:52.759,6.68753,6.68975,1.50,2.25
2012.03.26 16:08:53.077,6.68753,6.68946,1.50,1.50
2012.03.26 16:08:53.148,6.68722,6.68903,1.50,1.50
2012.03.26 16:08:53.279,6.68732,6.68903,1.50,1.50
2012.03.26 16:08:53.348,6.68755,6.68937,1.50,2.25
2012.03.26 16:08:53.661,6.68763,6.68937,1.50,2.25
2012.03.26 16:08:54.570,6.68787,6.68967,1.50,2.25
2012.03.26 16:08:58.847,6.68787,6.68967,1.50,2.25
2012.03.26 16:09:00.299,6.68761,6.68941,1.50,2.25
2012.03.26 16:09:01.743,6.68761,6.68941,1.50,2.25
2012.03.26 16:09:03.120,6.68761,6.68832,1.50,4.50
2012.03.26 16:09:03.426,6.68549,6.68762,1.50,2.25
2012.03.26 16:09:03.559,6.68502,6.68743,2.25,1.50
2012.03.26 16:09:08.018,6.68542,6.68723,2.25,1.50
2012.03.26 16:09:08.224,6.68569,6.68746,1.50,1.50
2012.03.26 16:09:08.298,6.68569,6.68749,1.50,1.50
2012.03.26 16:09:08.377,6.68569,6.68749,2.25,1.50
2012.03.26 16:09:08.747,6.68604,6.68774,1.50,1.50
2012.03.26 16:09:08.891,6.68642,6.68822,1.50,1.50
2012.03.26 16:09:19.420,6.68642,6.68822,1.50,2.25
2012.03.26 16:09:21.235,6.68667,6.68846,1.50,2.25
2012.03.26 16:09:21.746,6.68667,6.68849,1.50,2.25
2012.03.26 16:09:27.967,6.68667,6.68849,1.50,2.25
2012.03.26 16:09:31.579,6.68667,6.68815,1.50,1.50
2012.03.26 16:09:32.148,6.68667,6.68813,1.50,1.50
2012.03.26 16:09:32.217,6.68644,6.68807,1.50,2.25
2012.03.26 16:09:32.288,6.68625,6.68807,1.50,2.25
2012.03.26 16:09:39.916,6.68625,6.68788,1.50,1.50
2012.03.26 16:09:41.239,6.68625,6.68792,1.50,1.50
2012.03.26 16:09:42.573,6.68625,6.6878,1.50,1.50
2012.03.26 16:09:42.639,6.68625,6.6878,1.50,1.50
2012.03.26 16:09:42.724,6.68597,6.68779,2.25,2.25
2012.03.26 16:09:45.658,6.68597,6.68779,2.25,1.50
2012.03.26 16:09:45.808,6.68597,6.68779,2.25,2.25
2012.03.26 16:09:46.138,6.68597,6.68779,2.25,1.50
2012.03.26 16:09:46.479,6.68624,6.68783,1.50,1.50
2012.03.26 16:09:46.868,6.68624,6.6878,1.50,1.50
2012.03.26 16:09:47.500,6.68624,6.68782,1.50,1.50
2012.03.26 16:09:47.569,6.68624,6.6878,1.50,1.50
2012.03.26 16:09:47.701,6.68624,6.68802,1.50,1.50
2012.03.26 16:09:56.919,6.6868,6.68792,2.10,1.50
2012.03.26 16:09:57.108,6.68719,6.6883,1.35,2.25
2012.03.26 16:09:57.179,6.68782,6.6883,1.50,2.25
2012.03.26 16:09:57.445,6.68806,6.69043,1.50,1.50
2012.03.26 16:09:57.508,6.6878,6.6902,1.50,2.25
2012.03.26 16:09:58.902,6.688,6.68967,1.50,1.50
2012.03.26 16:09:59.764,6.688,6.68967,1.50,1.50
2012.03.26 16:10:00.194,6.68773,6.68953,1.50,2.25
2012.03.26 16:10:00.744,6.68773,6.68932,1.50,1.50
2012.03.26 16:10:00.817,6.6874,6.68921,1.50,2.25
2012.03.26 16:10:03.595,6.6874,6.68921,1.50,2.25
2012.03.26 16:10:06.594,6.68766,6.68932,1.50,1.50
2012.03.26 16:10:06.789,6.68766,6.68935,1.50,1.50
2012.03.26 16:10:10.540,6.68766,6.68869,1.50,1.50
2012.03.26 16:10:10.757,6.68612,6.6881,1.50,1.50
2012.03.26 16:10:10.828,6.6861,6.6881,1.50,1.50
2012.03.26 16:10:13.390,6.6863,6.6881,1.50,2.25
2012.03.26 16:10:13.758,6.6863,6.6881,1.50,1.50
2012.03.26 16:10:14.007,6.6863,6.6881,1.50,2.25
2012.03.26 16:10:15.651,6.6863,6.68807,1.50,1.50
2012.03.26 16:10:17.087,6.6863,6.68807,1.50,1.50
2012.03.26 16:10:18.121,6.6863,6.68807,1.50,1.50
2012.03.26 16:10:18.565,6.6863,6.68807,1.50,1.50
2012.03.26 16:10:18.752,6.68601,6.68781,1.50,2.25
2012.03.26 16:10:18.878,6.68601,6.68781,1.50,2.25
2012.03.26 16:10:21.047,6.68601,6.68781,1.50,2.25
2012.03.26 16:10:26.031,6.68601,6.68781,1.50,2.25
2012.03.26 16:10:26.168,6.68576,6.68748,1.50,2.25
2012.03.26 16:10:26.301,6.68568,6.68748,1.50,2.25
2012.03.26 16:10:26.571,6.68568,6.68748,1.50,2.25
2012.03.26 16:10:27.791,6.68592,6.68772,1.50,1.50
2012.03.26 16:10:27.918,6.68592,6.68772,1.50,1.50
2012.03.26 16:10:28.420,6.68592,6.68772,1.50,1.50
2012.03.26 16:10:28.732,6.68592,6.68772,1.50,1.50
2012.03.26 16:10:28.979,6.68592,6.68772,1.50,1.50
2012.03.26 16:10:30.735,6.68592,6.68774,1.50,2.25
2012.03.26 16:10:30.993,6.68592,6.68774,1.50,2.25
2012.03.26 16:10:31.921,6.68592,6.68774,1.50,2.25
2012.03.26 16:10:32.201,6.68592,6.68774,1.50,1.50
2012.03.26 16:10:32.867,6.68592,6.68774,1.50,2.25
2012.03.26 16:10:32.958,6.68565,6.68747,1.50,2.25
2012.03.26 16:10:35.241,6.68565,6.68747,1.50,2.25
2012.03.26 16:10:35.514,6.68569,6.68749,1.50,2.25
2012.03.26 16:10:35.582,6.68544,6.68717,1.50,2.25
2012.03.26 16:10:35.648,6.68536,6.68717,1.50,2.25
2012.03.26 16:10:36.651,6.68536,6.68717,1.50,2.25
2012.03.26 16:10:37.641,6.68562,6.6874,1.50,2.25
2012.03.26 16:10:37.709,6.68562,6.6874,1.50,2.25
2012.03.26 16:10:38.519,6.68562,6.68742,1.50,2.25
2012.03.26 16:10:38.801,6.68562,6.68742,1.50,2.25
2012.03.26 16:10:41.112,6.68562,6.68742,1.50,2.25
2012.03.26 16:10:41.178,6.68562,6.68742,1.50,2.25
2012.03.26 16:10:41.381,6.68562,6.68742,1.50,2.25
2012.03.26 16:10:42.647,6.68562,6.68742,1.50,2.25
2012.03.26 16:10:44.618,6.68562,6.68742,1.50,2.25
2012.03.26 16:10:45.064,6.68562,6.68742,1.50,2.25
2012.03.26 16:10:46.767,6.68537,6.68719,1.50,2.25
2012.03.26 16:10:47.860,6.68537,6.68719,1.50,2.25
2012.03.26 16:10:48.249,6.68537,6.68719,1.50,2.25
2012.03.26 16:10:48.472,6.68537,6.68719,1.50,2.25
2012.03.26 16:10:48.540,6.68537,6.68719,1.50,2.25
2012.03.26 16:10:50.697,6.68537,6.68719,1.50,2.25
2012.03.26 16:10:55.698,6.68537,6.68719,1.50,1.50
2012.03.26 16:10:55.769,6.68547,6.68719,3.00,1.50
2012.03.26 16:10:56.123,6.68662,6.68842,1.50,1.50
2012.03.26 16:10:56.201,6.68611,6.6883,1.50,2.25
2012.03.26 16:10:56.273,6.68611,6.6883,1.50,2.25
2012.03.26 16:10:58.292,6.68631,6.6881,1.50,2.25
2012.03.26 16:11:00.125,6.68599,6.68781,1.50,2.25
2012.03.26 16:11:00.188,6.68599,6.68781,1.50,2.25
2012.03.26 16:11:05.458,6.68599,6.68781,1.50,2.25
2012.03.26 16:11:06.501,6.68599,6.68781,1.50,2.25
2012.03.26 16:11:07.273,6.68577,6.68756,2.25,2.25
2012.03.26 16:11:07.552,6.68577,6.68756,2.25,2.25
2012.03.26 16:11:07.866,6.6855,6.6873,2.25,2.25
2012.03.26 16:11:08.173,6.6855,6.6873,2.25,2.25
2012.03.26 16:11:08.571,6.68601,6.68782,1.50,2.25
2012.03.26 16:11:09.793,6.68577,6.68757,2.25,2.25
2012.03.26 16:11:09.990,6.68577,6.68757,2.25,2.25
2012.03.26 16:11:10.438,6.68577,6.68757,2.25,2.25
2012.03.26 16:11:10.782,6.68548,6.6873,2.25,2.25
2012.03.26 16:11:10.923,6.68548,6.6873,2.25,2.25
2012.03.26 16:11:11.320,6.68548,6.6873,2.25,2.25
2012.03.26 16:11:11.999,6.68548,6.6873,2.25,2.25
2012.03.26 16:11:28.114,6.68548,6.68714,1.50,1.50
2012.03.26 16:11:28.191,6.68548,6.68714,1.50,1.50
2012.03.26 16:11:29.139,6.68548,6.68714,1.50,1.50
2012.03.26 16:11:32.830,6.68548,6.68689,1.50,1.50
2012.03.26 16:11:33.144,6.68548,6.68646,1.50,1.50
2012.03.26 16:11:33.335,6.68524,6.68646,1.50,1.50
2012.03.26 16:11:33.459,6.68498,6.68646,3.00,1.50
2012.03.26 16:11:34.390,6.68474,6.68646,1.50,1.50
2012.03.26 16:11:34.459,6.68472,6.68646,1.50,1.50
2012.03.26 16:11:35.108,6.68472,6.68646,1.50,1.50
2012.03.26 16:11:35.650,6.68472,6.68646,1.50,1.50
2012.03.26 16:11:35.967,6.68472,6.68614,1.50,1.50
2012.03.26 16:11:39.998,6.68472,6.68614,1.50,1.50
2012.03.26 16:11:40.512,6.68472,6.68652,1.50,2.25
2012.03.26 16:11:40.584,6.68472,6.68652,2.25,1.50
2012.03.26 16:11:40.655,6.685,6.6868,2.25,2.25
2012.03.26 16:11:40.720,6.68524,6.68704,1.50,1.50
2012.03.26 16:11:40.849,6.6856,6.6874,1.50,2.25
2012.03.26 16:11:41.368,6.6856,6.6874,1.50,2.25
2012.03.26 16:11:41.499,6.6856,6.6874,1.50,1.50
2012.03.26 16:11:42.852,6.686,6.68764,1.50,1.50
2012.03.26 16:11:42.921,6.686,6.68782,1.50,2.25
2012.03.26 16:11:50.152,6.68575,6.68754,1.50,1.50
2012.03.26 16:11:52.853,6.68601,6.68781,1.50,1.50
2012.03.26 16:11:53.043,6.68601,6.68783,1.50,1.50
2012.03.26 16:11:55.266,6.68601,6.68756,1.50,1.13
2012.03.26 16:11:55.711,6.68601,6.6869,1.50,1.50
2012.03.26 16:11:55.790,6.68468,6.68666,1.50,1.50
2012.03.26 16:11:59.026,6.68488,6.68666,1.50,1.50
2012.03.26 16:11:59.369,6.68488,6.68666,1.50,2.25
2012.03.26 16:11:59.654,6.6846,6.68642,2.25,1.50
2012.03.26 16:12:05.714,6.68464,6.68642,1.50,2.10
2012.03.26 16:12:05.926,6.68485,6.68632,1.50,2.25
2012.03.26 16:12:05.994,6.68485,6.68665,1.50,2.25
2012.03.26 16:12:06.189,6.68485,6.68664,1.50,2.25
2012.03.26 16:12:06.572,6.68508,6.68688,1.50,2.25
2012.03.26 16:12:06.855,6.68484,6.68663,1.50,2.25
2012.03.26 16:12:06.923,6.68481,6.68663,1.50,2.25
2012.03.26 16:12:06.992,6.68481,6.68663,1.50,2.25
2012.03.26 16:12:07.126,6.68481,6.68663,1.50,2.25
2012.03.26 16:12:07.196,6.68481,6.68663,1.50,1.50
2012.03.26 16:12:07.274,6.68481,6.68663,1.50,2.10
2012.03.26 16:12:07.344,6.68453,6.68635,1.50,2.10
2012.03.26 16:12:07.413,6.68453,6.68613,1.50,2.25
2012.03.26 16:12:07.720,6.68453,6.68635,2.25,2.25
2012.03.26 16:12:08.132,6.68453,6.68635,2.25,2.25
2012.03.26 16:12:08.211,6.68482,6.68662,1.50,2.25
2012.03.26 16:12:08.381,6.68482,6.68662,1.50,2.25
2012.03.26 16:12:08.722,6.68482,6.68652,1.50,1.35
2012.03.26 16:12:08.851,6.68453,6.68612,1.50,2.25
2012.03.26 16:12:09.219,6.68477,6.68628,1.50,1.50
2012.03.26 16:12:09.678,6.68477,6.68628,1.50,1.50
2012.03.26 16:12:10.088,6.68477,6.68653,1.50,1.50
2012.03.26 16:12:11.242,6.68477,6.68659,2.10,2.25
2012.03.26 16:12:11.443,6.68535,6.68714,1.50,1.50
2012.03.26 16:12:11.515,6.68535,6.68714,2.25,1.50
2012.03.26 16:12:12.041,6.68535,6.68714,1.50,1.50
2012.03.26 16:12:12.111,6.68535,6.68714,1.50,2.25
2012.03.26 16:12:12.183,6.68511,6.68691,1.50,1.50
2012.03.26 16:12:12.372,6.68564,6.68744,1.50,1.50
2012.03.26 16:12:12.891,6.68604,6.68773,1.50,1.50
2012.03.26 16:12:13.011,6.68557,6.68737,1.50,1.50
2012.03.26 16:12:13.077,6.68557,6.68737,1.50,2.25
2012.03.26 16:12:13.217,6.68436,6.6865,2.25,1.50
2012.03.26 16:12:13.290,6.68428,6.68626,3.00,1.50
2012.03.26 16:12:15.463,6.68451,6.68631,2.25,1.50
2012.03.26 16:12:15.633,6.68457,6.68631,3.00,1.50
2012.03.26 16:12:21.028,6.68457,6.68631,2.25,1.50
2012.03.26 16:12:21.099,6.68451,6.68631,1.50,1.50
2012.03.26 16:12:26.610,6.68451,6.68631,1.50,2.25
2012.03.26 16:12:28.104,6.68451,6.68631,1.50,1.50
2012.03.26 16:12:28.698,6.68451,6.68631,1.50,2.25
2012.03.26 16:12:28.971,6.68427,6.68605,1.50,2.25
2012.03.26 16:12:29.038,6.68425,6.68605,1.50,2.25
2012.03.26 16:12:29.593,6.68425,6.68605,1.50,1.50
2012.03.26 16:12:29.787,6.68439,6.68605,1.50,1.50
2012.03.26 16:12:29.999,6.68462,6.68644,1.50,2.25
2012.03.26 16:12:30.135,6.68462,6.68644,1.50,2.25
2012.03.26 16:12:30.607,6.68436,6.68618,2.25,1.50
2012.03.26 16:12:31.769,6.68436,6.68618,2.25,2.25
2012.03.26 16:12:31.991,6.68436,6.68618,2.25,2.25
2012.03.26 16:12:33.657,6.68436,6.68618,2.25,1.50
2012.03.26 16:12:33.854,6.68436,6.68618,2.25,2.25
2012.03.26 16:12:34.170,6.68436,6.68618,2.25,1.50
2012.03.26 16:12:34.239,6.68436,6.68618,2.25,2.25
2012.03.26 16:12:34.560,6.68376,6.68558,2.25,1.50
2012.03.26 16:12:34.628,6.68376,6.68558,2.25,1.50
2012.03.26 16:12:35.313,6.68376,6.68558,2.25,1.50
2012.03.26 16:12:35.938,6.68376,6.68558,2.25,1.50
2012.03.26 16:12:39.099,6.68376,6.68558,2.25,1.50
2012.03.26 16:12:40.105,6.68404,6.68582,2.25,1.50
2012.03.26 16:12:40.168,6.68404,6.68584,2.25,1.50
2012.03.26 16:12:40.560,6.68379,6.68561,2.25,1.50
2012.03.26 16:12:43.010,6.68379,6.68561,1.50,1.50
2012.03.26 16:12:45.523,6.68406,6.68586,1.50,2.25
2012.03.26 16:12:48.024,6.68406,6.68586,1.50,1.50
2012.03.26 16:12:48.449,6.68406,6.68586,1.50,2.25
2012.03.26 16:12:48.902,6.68406,6.68586,1.50,2.25
2012.03.26 16:12:49.380,6.68406,6.68586,1.50,1.50
2012.03.26 16:12:50.313,6.68406,6.68586,1.50,2.25
2012.03.26 16:12:50.382,6.68382,6.6856,1.50,1.50
2012.03.26 16:12:50.450,6.68378,6.6856,1.50,1.50
2012.03.26 16:12:54.678,6.68385,6.6856,1.50,1.50
2012.03.26 16:12:54.750,6.68409,6.68591,1.50,1.50
2012.03.26 16:12:54.822,6.68409,6.68591,1.50,2.25
2012.03.26 16:12:55.010,6.68385,6.68565,1.50,1.50
2012.03.26 16:12:55.079,6.68395,6.68565,1.50,1.50
2012.03.26 16:12:55.150,6.68418,6.686,1.50,1.50
2012.03.26 16:12:55.891,6.68446,6.68622,1.50,3.00
2012.03.26 16:12:56.424,6.68446,6.68617,1.50,1.50
2012.03.26 16:13:01.192,6.68446,6.68623,1.50,3.00
2012.03.26 16:13:02.018,6.68446,6.68614,1.50,1.50
2012.03.26 16:13:06.393,6.6842,6.686,1.50,1.50
2012.03.26 16:13:06.526,6.6842,6.686,1.50,2.25
2012.03.26 16:13:06.909,6.68396,6.68574,1.50,2.25
2012.03.26 16:13:06.981,6.68394,6.68574,1.50,2.25
2012.03.26 16:13:07.279,6.68425,6.68588,1.50,1.50
2012.03.26 16:13:07.357,6.68425,6.68588,1.50,1.50
2012.03.26 16:13:07.707,6.68425,6.68603,1.50,1.50
2012.03.26 16:13:07.772,6.68425,6.68598,1.50,1.50
2012.03.26 16:13:07.843,6.68425,6.68602,1.50,1.50
2012.03.26 16:13:08.118,6.68425,6.68602,1.50,1.50
2012.03.26 16:13:09.391,6.68425,6.68589,1.50,1.50
2012.03.26 16:13:09.713,6.68425,6.68574,1.50,1.13
2012.03.26 16:13:10.018,6.68425,6.68574,1.50,1.50
2012.03.26 16:13:13.133,6.68425,6.68562,1.50,1.50
2012.03.26 16:13:13.715,6.68425,6.68567,1.50,1.13
2012.03.26 16:13:14.490,6.68425,6.6857,1.50,1.50
2012.03.26 16:13:15.211,6.68425,6.6857,1.50,1.50
2012.03.26 16:13:15.580,6.68452,6.6857,1.50,1.50
2012.03.26 16:13:15.830,6.68428,6.68591,3.00,1.50
2012.03.26 16:13:16.764,6.68428,6.68581,1.50,1.50
2012.03.26 16:13:19.081,6.68428,6.68581,1.50,1.50
2012.03.26 16:13:23.299,6.68428,6.68581,1.50,1.50
2012.03.26 16:13:33.573,6.68428,6.68573,1.50,1.50
2012.03.26 16:13:34.163,6.68428,6.68564,1.50,1.13
2012.03.26 16:13:35.089,6.68428,6.68562,1.50,1.13
2012.03.26 16:13:36.666,6.68428,6.68573,1.50,1.50
2012.03.26 16:13:37.204,6.68428,6.68564,1.50,1.13
2012.03.26 16:13:37.566,6.68428,6.68572,1.50,1.50
2012.03.26 16:13:37.777,6.68428,6.68572,1.50,1.13
2012.03.26 16:13:37.922,6.68431,6.68572,1.50,1.13
2012.03.26 16:13:39.261,6.68455,6.68582,1.50,1.50
2012.03.26 16:13:39.793,6.68455,6.68582,1.50,1.50
2012.03.26 16:13:39.866,6.68422,6.68562,1.50,1.13
2012.03.26 16:13:40.792,6.68422,6.68563,1.50,1.13
2012.03.26 16:13:42.630,6.68422,6.68563,1.50,1.13
2012.03.26 16:13:43.702,6.68422,6.68563,1.50,1.13
2012.03.26 16:13:45.570,6.68422,6.68582,1.50,1.50
2012.03.26 16:13:46.758,6.68422,6.68588,1.50,1.50
2012.03.26 16:13:46.890,6.68424,6.68592,1.50,1.50
2012.03.26 16:13:47.250,6.68448,6.68592,1.50,1.50
2012.03.26 16:13:49.597,6.68448,6.68592,1.50,1.50
2012.03.26 16:13:51.562,6.68448,6.68592,1.50,1.50
2012.03.26 16:13:52.604,6.68448,6.68592,1.50,1.50
2012.03.26 16:13:54.261,6.68448,6.68592,1.50,1.50
2012.03.26 16:13:55.521,6.68448,6.68593,1.50,1.50
2012.03.26 16:13:58.100,6.68448,6.68592,1.50,1.50
2012.03.26 16:13:59.241,6.68448,6.68593,1.50,1.50
2012.03.26 16:13:59.880,6.68448,6.68604,1.50,1.88
2012.03.26 16:13:59.953,6.68448,6.68604,1.50,1.13
2012.03.26 16:14:00.030,6.68476,6.68614,1.50,1.50
2012.03.26 16:14:00.306,6.68509,6.68653,1.50,1.88
2012.03.26 16:14:00.502,6.68534,6.68653,1.50,1.88
2012.03.26 16:14:01.142,6.68534,6.68667,1.50,1.50
2012.03.26 16:14:01.330,6.68507,6.68662,1.50,1.50
2012.03.26 16:14:02.288,6.68507,6.68651,1.50,1.50
2012.03.26 16:14:02.634,6.68507,6.68651,1.50,1.50
2012.03.26 16:14:03.354,6.68507,6.68661,1.50,1.50
2012.03.26 16:14:03.732,6.68507,6.68661,1.50,1.50
2012.03.26 16:14:04.041,6.68507,6.68643,1.50,1.50
2012.03.26 16:14:04.175,6.68479,6.68643,1.50,1.50
2012.03.26 16:14:04.983,6.68479,6.68643,1.50,1.50
2012.03.26 16:14:06.403,6.68479,6.68643,1.50,1.50
2012.03.26 16:14:06.542,6.68479,6.68615,1.50,1.13
2012.03.26 16:14:06.808,6.68479,6.68615,1.50,1.13
2012.03.26 16:14:06.881,6.68479,6.68625,1.50,1.50
2012.03.26 16:14:07.805,6.68479,6.6863,1.50,1.50
2012.03.26 16:14:09.558,6.68479,6.68594,1.50,1.13
2012.03.26 16:14:09.892,6.68479,6.68609,1.50,1.13
2012.03.26 16:14:10.031,6.68479,6.68612,1.50,1.13
2012.03.26 16:14:10.550,6.68479,6.68609,1.50,1.13
2012.03.26 16:14:12.440,6.68479,6.68623,1.50,1.50
2012.03.26 16:14:13.189,6.68479,6.68627,1.50,1.13
2012.03.26 16:14:13.378,6.68479,6.68627,1.50,1.13
2012.03.26 16:14:14.579,6.68479,6.68653,1.50,1.13
2012.03.26 16:14:15.019,6.68479,6.68651,1.50,1.13
2012.03.26 16:14:15.960,6.68479,6.68651,1.50,1.13
2012.03.26 16:14:16.350,6.68503,6.68656,1.50,1.13
2012.03.26 16:14:17.673,6.68503,6.68657,1.50,1.13
2012.03.26 16:14:18.560,6.68503,6.68657,1.50,1.13
2012.03.26 16:14:18.952,6.68503,6.68659,1.50,1.13
2012.03.26 16:14:19.525,6.68503,6.68659,1.50,1.13
2012.03.26 16:14:20.160,6.68503,6.6866,1.50,1.13
2012.03.26 16:14:20.382,6.68503,6.6866,1.50,1.13
2012.03.26 16:14:21.060,6.68503,6.6868,1.50,1.13
2012.03.26 16:14:22.422,6.68503,6.68656,1.50,1.13
2012.03.26 16:14:23.628,6.68503,6.6866,1.50,1.13
2012.03.26 16:14:23.801,6.68503,6.68674,1.50,1.13
2012.03.26 16:14:23.941,6.68503,6.68674,1.50,1.13
2012.03.26 16:14:24.018,6.68532,6.68678,1.50,1.50
2012.03.26 16:14:24.096,6.68532,6.68686,1.50,1.50
2012.03.26 16:14:25.712,6.68532,6.68693,1.50,1.13
2012.03.26 16:14:25.846,6.68506,6.68667,1.50,1.13
2012.03.26 16:14:26.739,6.68506,6.68667,1.50,1.13
2012.03.26 16:14:26.868,6.68506,6.6866,1.50,1.13
2012.03.26 16:14:27.911,6.68506,6.68673,1.50,1.13
2012.03.26 16:14:28.656,6.68507,6.68686,1.50,1.13
2012.03.26 16:14:28.737,6.68531,6.68689,1.50,1.13
2012.03.26 16:14:29.990,6.68531,6.687,1.50,1.50
2012.03.26 16:14:30.519,6.68531,6.68693,1.50,1.13
2012.03.26 16:14:30.751,6.68531,6.68693,1.50,1.13
2012.03.26 16:14:31.579,6.68531,6.68693,1.50,1.13
2012.03.26 16:14:31.912,6.68507,6.68686,1.50,1.13
2012.03.26 16:14:32.035,6.68507,6.68686,1.50,1.13
2012.03.26 16:14:32.099,6.68507,6.68686,1.50,1.13
2012.03.26 16:14:32.422,6.68507,6.68686,1.50,1.13
2012.03.26 16:14:32.739,6.68507,6.68686,1.50,1.13
2012.03.26 16:14:33.856,6.68507,6.68662,1.50,3.00
2012.03.26 16:14:33.987,6.68467,6.68647,1.50,1.50
2012.03.26 16:14:35.211,6.68467,6.68647,1.50,2.25
2012.03.26 16:14:36.203,6.68467,6.68647,1.50,2.25
2012.03.26 16:14:36.810,6.68467,6.68647,1.50,2.25
2012.03.26 16:14:38.841,6.68467,6.68647,1.50,2.25
2012.03.26 16:14:38.970,6.68467,6.68647,1.50,2.25
2012.03.26 16:14:39.171,6.68467,6.68647,1.50,2.25
2012.03.26 16:14:39.313,6.68467,6.68647,1.50,2.25
2012.03.26 16:14:39.682,6.68442,6.68622,2.25,2.25
2012.03.26 16:14:39.752,6.68442,6.68622,2.25,2.25
2012.03.26 16:14:39.934,6.68442,6.68622,1.50,2.25
2012.03.26 16:14:40.002,6.68442,6.68622,1.50,2.25
2012.03.26 16:14:40.132,6.68442,6.68605,1.50,1.50
2012.03.26 16:14:41.419,6.68442,6.686,1.50,1.50
2012.03.26 16:14:42.643,6.68442,6.686,1.50,1.50
2012.03.26 16:14:44.450,6.68442,6.686,1.50,1.50
2012.03.26 16:14:45.255,6.68442,6.68595,1.50,1.50
2012.03.26 16:14:45.462,6.68407,6.68583,1.50,1.50
2012.03.26 16:14:46.160,6.68407,6.68572,1.50,1.50
2012.03.26 16:14:46.380,6.68407,6.68572,1.50,1.50
2012.03.26 16:14:47.539,6.68407,6.68572,1.50,1.50
2012.03.26 16:14:48.417,6.68407,6.68572,1.50,1.50
2012.03.26 16:14:52.661,6.68407,6.68572,1.50,1.50
2012.03.26 16:14:59.731,6.68407,6.68537,1.50,1.13
2012.03.26 16:15:04.439,6.68407,6.68563,1.50,1.50
2012.03.26 16:15:04.692,6.68374,6.68549,1.50,1.50
2012.03.26 16:15:04.943,6.68418,6.68585,1.50,1.50
2012.03.26 16:15:05.008,6.68418,6.68584,1.50,1.50
2012.03.26 16:15:05.412,6.68418,6.68584,1.50,1.50
2012.03.26 16:15:05.479,6.68418,6.68572,1.50,1.50
2012.03.26 16:15:05.550,6.68393,6.68572,1.50,3.00
2012.03.26 16:15:06.004,6.68365,6.68545,1.50,1.50
2012.03.26 16:15:06.092,6.68366,6.68545,2.25,2.25
2012.03.26 16:15:06.459,6.68417,6.68586,1.50,1.50
2012.03.26 16:15:06.639,6.68394,6.68575,1.50,2.25
2012.03.26 16:15:07.231,6.68393,6.68575,1.50,2.25
2012.03.26 16:15:08.600,6.68393,6.68575,1.50,2.25
2012.03.26 16:15:09.199,6.68393,6.68575,1.50,2.25
2012.03.26 16:15:11.681,6.68393,6.68575,1.50,2.25
2012.03.26 16:15:11.958,6.68393,6.68575,1.50,1.50
2012.03.26 16:15:12.031,6.68407,6.68575,2.25,1.50
2012.03.26 16:15:12.386,6.68449,6.68615,1.50,1.50
2012.03.26 16:15:12.459,6.68406,6.68586,1.50,1.50
2012.03.26 16:15:23.650,6.68406,6.68586,2.25,1.50
2012.03.26 16:15:24.335,6.68406,6.68586,2.25,1.50
2012.03.26 16:15:24.464,6.68457,6.68632,1.50,1.50
2012.03.26 16:15:24.845,6.68457,6.68638,1.50,1.50
2012.03.26 16:15:25.269,6.68482,6.68652,1.50,1.50
2012.03.26 16:15:25.968,6.68482,6.68657,1.50,1.13
2012.03.26 16:15:26.201,6.68482,6.68663,1.50,1.50
2012.03.26 16:15:26.272,6.68482,6.68663,1.50,1.50
2012.03.26 16:15:27.212,6.68482,6.68663,1.50,1.50
2012.03.26 16:15:28.291,6.68482,6.68664,1.50,1.88
2012.03.26 16:15:29.130,6.68482,6.6866,1.50,1.13
2012.03.26 16:15:29.509,6.68482,6.68664,1.50,2.25
2012.03.26 16:15:29.771,6.68482,6.68655,1.50,1.13
2012.03.26 16:15:30.709,6.68482,6.68664,1.50,1.88
2012.03.26 16:15:32.652,6.68482,6.68663,1.50,1.50
2012.03.26 16:15:32.961,6.68482,6.68658,1.50,1.13
2012.03.26 16:15:33.200,6.68482,6.68658,1.50,1.13
2012.03.26 16:15:33.880,6.68482,6.68658,1.50,1.13
2012.03.26 16:15:34.351,6.68482,6.68651,1.50,1.13
2012.03.26 16:15:35.552,6.68482,6.68656,1.50,1.13
2012.03.26 16:15:36.721,6.68482,6.68656,1.50,1.13
2012.03.26 16:15:39.251,6.68482,6.68633,1.50,1.50
2012.03.26 16:15:40.958,6.68482,6.68643,1.50,1.50
2012.03.26 16:15:41.360,6.68459,6.68621,1.50,1.50
2012.03.26 16:15:41.431,6.6845,6.68621,1.50,1.50
2012.03.26 16:15:43.620,6.6845,6.68612,1.50,1.50
2012.03.26 16:15:45.144,6.6845,6.68606,1.50,1.50
2012.03.26 16:15:45.414,6.6845,6.68612,2.25,1.50
2012.03.26 16:15:46.677,6.68508,6.68632,1.50,1.50
2012.03.26 16:15:48.656,6.68508,6.68632,1.50,1.50
2012.03.26 16:15:51.611,6.68508,6.68632,1.50,2.25
2012.03.26 16:15:51.704,6.6848,6.68632,1.50,2.25
2012.03.26 16:15:51.905,6.6848,6.68632,1.50,2.25
2012.03.26 16:15:52.150,6.6848,6.68617,1.50,1.50
2012.03.26 16:15:52.301,6.6848,6.68617,1.50,1.50
2012.03.26 16:15:52.374,6.68504,6.68617,1.50,1.50
2012.03.26 16:15:57.162,6.68504,6.68617,1.50,1.50
2012.03.26 16:15:57.240,6.68481,6.68617,1.50,1.50
2012.03.26 16:15:57.316,6.68481,6.68602,1.50,1.50
2012.03.26 16:15:57.454,6.68477,6.68602,1.50,1.50
2012.03.26 16:15:57.530,6.68477,6.68602,1.50,1.50
2012.03.26 16:15:57.608,6.6845,6.68592,1.50,1.50
2012.03.26 16:15:57.767,6.6845,6.68592,1.50,1.50
2012.03.26 16:15:58.319,6.6845,6.68592,1.50,2.25
2012.03.26 16:16:00.044,6.68478,6.68592,1.50,2.25
2012.03.26 16:16:00.185,6.68478,6.68592,1.50,2.25
2012.03.26 16:16:01.126,6.68478,6.68592,1.50,1.50
2012.03.26 16:16:01.503,6.68478,6.68592,1.50,1.50
2012.03.26 16:16:03.999,6.68478,6.68592,1.50,1.50
2012.03.26 16:16:04.363,6.68478,6.68592,1.50,1.50
2012.03.26 16:16:07.961,6.68478,6.68592,1.50,1.50
2012.03.26 16:16:09.425,6.68478,6.68604,1.50,1.50
2012.03.26 16:16:10.253,6.68478,6.68604,1.50,1.50
2012.03.26 16:16:10.328,6.68501,6.68604,1.50,1.50
2012.03.26 16:16:10.404,6.68501,6.68604,1.50,1.50
2012.03.26 16:16:11.527,6.68477,6.68615,1.50,1.50
2012.03.26 16:16:11.602,6.68474,6.68615,1.50,1.50
2012.03.26 16:16:13.830,6.68474,6.68615,1.50,1.50
2012.03.26 16:16:16.743,6.68474,6.68615,1.50,1.50
2012.03.26 16:16:17.999,6.68474,6.68615,1.50,1.50
2012.03.26 16:16:20.910,6.68474,6.68615,1.50,1.50
2012.03.26 16:16:21.521,6.68474,6.68605,1.50,1.50
2012.03.26 16:16:22.692,6.68474,6.68605,1.50,1.50
2012.03.26 16:16:23.092,6.68474,6.68582,1.50,1.50
2012.03.26 16:16:23.169,6.68442,6.68582,1.50,1.50
2012.03.26 16:16:23.626,6.68442,6.68582,1.50,1.50
2012.03.26 16:16:24.602,6.68442,6.68582,1.50,1.50
2012.03.26 16:16:24.767,6.68442,6.68582,1.50,1.50
2012.03.26 16:16:25.110,6.68442,6.68582,1.50,1.50
2012.03.26 16:16:25.250,6.68442,6.68582,1.50,1.50
2012.03.26 16:16:25.402,6.68442,6.68582,1.50,1.50
2012.03.26 16:16:26.301,6.68442,6.68582,1.50,1.50
2012.03.26 16:16:26.853,6.68442,6.68579,1.50,1.13
2012.03.26 16:16:26.981,6.68442,6.68568,1.50,1.50
2012.03.26 16:16:27.259,6.6842,6.68568,1.50,1.50
2012.03.26 16:16:27.843,6.6842,6.68568,1.50,1.50
2012.03.26 16:16:27.972,6.6842,6.68568,1.50,1.50
2012.03.26 16:16:29.009,6.6842,6.68568,1.50,1.50
2012.03.26 16:16:31.771,6.6845,6.68582,1.50,1.50
2012.03.26 16:16:31.836,6.6845,6.68592,1.50,1.50
2012.03.26 16:16:31.912,6.68473,6.68592,1.50,1.50
2012.03.26 16:16:32.105,6.68449,6.68592,1.50,1.50
2012.03.26 16:16:33.015,6.68449,6.68592,1.50,1.50
2012.03.26 16:16:33.291,6.68449,6.68592,1.50,1.88
2012.03.26 16:16:33.621,6.68449,6.68579,1.50,1.50
2012.03.26 16:16:33.952,6.68449,6.68579,1.50,1.50
2012.03.26 16:16:37.840,6.68421,6.68569,1.50,1.50
2012.03.26 16:16:40.744,6.6839,6.68541,1.50,1.50
2012.03.26 16:16:40.950,6.6839,6.68541,1.50,1.88
2012.03.26 16:16:41.024,6.6839,6.68541,1.50,1.88
2012.03.26 16:16:41.695,6.6839,6.6853,1.50,1.50
2012.03.26 16:16:41.763,6.6839,6.68554,1.50,1.50
2012.03.26 16:16:41.893,6.6839,6.68554,1.50,1.50
2012.03.26 16:16:42.325,6.68414,6.68554,1.50,1.50
2012.03.26 16:16:42.523,6.68414,6.68554,1.50,1.50
2012.03.26 16:16:43.835,6.68414,6.68554,1.50,1.50
2012.03.26 16:16:43.963,6.68439,6.68554,1.50,1.50
2012.03.26 16:16:44.224,6.68439,6.68554,1.50,1.50
2012.03.26 16:16:45.999,6.68439,6.68554,1.50,1.50
2012.03.26 16:16:49.529,6.6841,6.68554,1.50,1.50
2012.03.26 16:16:55.013,6.6841,6.68523,1.50,1.50
2012.03.26 16:16:55.398,6.6841,6.68523,1.50,1.74
2012.03.26 16:16:57.391,6.68413,6.68523,1.50,1.58
2012.03.26 16:16:57.760,6.68437,6.68513,1.50,1.01
2012.03.26 16:16:58.073,6.68437,6.68513,1.50,1.01
2012.03.26 16:16:59.753,6.68411,6.68513,1.50,1.01
2012.03.26 16:17:01.489,6.68382,6.68523,1.50,1.53
2012.03.26 16:17:02.041,6.68383,6.68523,1.50,1.53
2012.03.26 16:17:02.117,6.68406,6.68523,1.50,1.53
2012.03.26 16:17:22.400,6.68406,6.68522,1.50,1.13
2012.03.26 16:17:30.301,6.6838,6.68492,1.50,1.13
2012.03.26 16:17:31.990,6.6838,6.68473,1.50,1.13
2012.03.26 16:17:32.400,6.68353,6.68473,1.50,1.13
2012.03.26 16:17:45.429,6.68353,6.68463,1.50,1.13
2012.03.26 16:17:45.510,6.68328,6.68453,1.50,1.13
2012.03.26 16:17:45.585,6.68323,6.68453,1.88,1.13
2012.03.26 16:17:45.653,6.68323,6.68453,2.25,1.13
2012.03.26 16:17:45.983,6.68346,6.68472,1.50,1.13
2012.03.26 16:17:46.052,6.68346,6.68472,1.50,1.13
2012.03.26 16:17:50.261,6.68347,6.68482,1.50,1.13
2012.03.26 16:17:50.329,6.68371,6.68482,1.50,1.13
2012.03.26 16:17:52.961,6.68347,6.68472,1.50,1.13
2012.03.26 16:17:53.151,6.68352,6.68472,1.50,1.13
2012.03.26 16:17:53.742,6.68377,6.68473,1.50,1.13
2012.03.26 16:17:56.063,6.68377,6.68507,1.50,1.13
2012.03.26 16:17:56.203,6.68377,6.68534,1.50,1.20
2012.03.26 16:17:56.275,6.68377,6.68534,1.50,1.20
2012.03.26 16:17:56.343,6.68405,6.68534,1.50,1.20
2012.03.26 16:17:56.893,6.68428,6.68542,1.50,1.20
2012.03.26 16:18:20.814,6.68428,6.68563,1.50,1.20
2012.03.26 16:18:21.323,6.68428,6.68563,1.50,1.20
2012.03.26 16:18:46.064,6.68428,6.68553,1.50,1.20
2012.03.26 16:18:56.681,6.68383,6.68559,1.50,1.20
2012.03.26 16:18:57.361,6.68383,6.68559,1.50,1.20
2012.03.26 16:18:58.628,6.68373,6.68577,1.50,1.20
2012.03.26 16:18:58.968,6.68394,6.68582,1.50,1.58
2012.03.26 16:19:05.682,6.68394,6.68582,1.50,1.58
2012.03.26 16:19:07.329,6.68394,6.68582,1.50,1.58
2012.03.26 16:19:08.939,6.68394,6.68582,1.50,1.58
2012.03.26 16:19:11.233,6.68405,6.68643,1.50,3.08
2012.03.26 16:19:11.495,6.68376,6.68631,1.50,1.58
2012.03.26 16:19:22.905,6.68362,6.68612,1.50,1.58
2012.03.26 16:19:23.043,6.68401,6.68582,1.50,2.33
2012.03.26 16:19:23.180,6.68374,6.68554,2.25,2.33
2012.03.26 16:19:25.081,6.68374,6.68554,2.25,2.33
2012.03.26 16:19:37.394,6.68374,6.68554,2.25,2.33
2012.03.26 16:19:40.919,6.68374,6.68554,2.25,2.33
2012.03.26 16:19:45.715,6.68374,6.68554,2.25,1.58
2012.03.26 16:19:51.812,6.68374,6.68554,2.25,1.58
2012.03.26 16:19:54.650,6.68374,6.68548,2.25,1.58
2012.03.26 16:19:56.286,6.68374,6.68548,2.63,1.58
2012.03.26 16:19:56.490,6.68402,6.68554,1.13,2.33
2012.03.26 16:19:57.392,6.68402,6.68578,1.13,3.08
2012.03.26 16:19:58.133,6.68399,6.68578,2.63,3.08
2012.03.26 16:20:00.780,6.68409,6.68578,1.13,3.08
2012.03.26 16:20:01.650,6.68409,6.68578,1.13,3.08
2012.03.26 16:20:04.766,6.68409,6.68578,1.13,3.08
2012.03.26 16:20:08.106,6.68408,6.68578,1.13,3.08
2012.03.26 16:20:08.242,6.68434,6.68578,1.13,2.25
2012.03.26 16:20:08.441,6.68434,6.68602,1.13,1.13
2012.03.26 16:20:09.228,6.68437,6.68602,1.13,1.20
2012.03.26 16:20:09.612,6.68443,6.68609,1.13,2.70
2012.03.26 16:20:09.975,6.68455,6.68616,1.50,1.58
2012.03.26 16:20:10.583,6.68455,6.68617,1.88,1.20
2012.03.26 16:20:12.372,6.68455,6.68617,1.88,1.20
2012.03.26 16:20:12.775,6.68455,6.68617,1.88,1.13
2012.03.26 16:20:12.847,6.68456,6.68631,1.13,1.50
2012.03.26 16:20:12.961,6.68462,6.68631,1.13,1.50
2012.03.26 16:20:14.972,6.6846,6.68631,1.13,1.50
2012.03.26 16:20:15.554,6.68459,6.68631,1.13,1.50
2012.03.26 16:20:15.851,6.68459,6.68631,1.13,1.50
2012.03.26 16:20:17.045,6.68473,6.68635,1.13,2.25
2012.03.26 16:20:17.116,6.68475,6.68635,1.13,2.25
2012.03.26 16:20:18.123,6.68467,6.68631,1.13,1.13
2012.03.26 16:20:18.804,6.68467,6.68631,1.13,1.13
2012.03.26 16:20:19.245,6.68463,6.68631,1.13,1.13
2012.03.26 16:20:21.282,6.68459,6.68631,1.13,1.50
2012.03.26 16:20:26.290,6.68458,6.68631,1.13,1.50
2012.03.26 16:20:26.658,6.68458,6.68631,1.13,1.50
2012.03.26 16:20:34.272,6.68463,6.68631,1.13,1.50
2012.03.26 16:20:34.954,6.68463,6.68631,1.13,1.50
2012.03.26 16:20:36.601,6.68455,6.68631,1.88,1.50
2012.03.26 16:20:39.773,6.68455,6.68631,1.50,1.50
2012.03.26 16:20:44.160,6.68455,6.68631,1.50,1.50
2012.03.26 16:20:48.961,6.68455,6.68631,1.50,1.50
2012.03.26 16:20:49.291,6.68455,6.68603,1.50,1.50
2012.03.26 16:20:49.620,6.68424,6.68603,1.50,3.00
2012.03.26 16:20:53.467,6.68424,6.68591,1.50,1.50
2012.03.26 16:20:54.286,6.68399,6.68576,1.07,2.25
2012.03.26 16:20:54.545,6.68373,6.6855,1.50,2.25
2012.03.26 16:20:55.416,6.68373,6.6855,1.50,2.25
2012.03.26 16:21:05.880,6.68373,6.6855,1.50,2.25
2012.03.26 16:21:07.015,6.68371,6.6855,2.14,2.25
2012.03.26 16:21:08.590,6.68371,6.6855,2.14,2.25
2012.03.26 16:21:12.564,6.68368,6.6854,1.50,1.50
2012.03.26 16:21:12.691,6.68368,6.6854,1.50,1.50
2012.03.26 16:21:14.014,6.68368,6.6854,1.50,1.50
2012.03.26 16:21:18.524,6.68368,6.6854,1.50,1.50
2012.03.26 16:21:20.075,6.68368,6.6854,1.50,1.50
2012.03.26 16:21:22.322,6.68368,6.6854,1.88,1.50
2012.03.26 16:21:28.920,6.68368,6.6855,2.25,2.25
2012.03.26 16:21:28.990,6.68371,6.6855,1.63,1.50
2012.03.26 16:21:29.060,6.68405,6.6855,1.13,1.50
2012.03.26 16:21:29.311,6.68418,6.68584,2.25,1.50
2012.03.26 16:21:32.203,6.68418,6.68584,2.25,1.50
2012.03.26 16:21:32.954,6.68418,6.68584,2.25,1.50
2012.03.26 16:21:34.547,6.68418,6.68584,2.25,1.50
2012.03.26 16:21:36.649,6.68419,6.68599,1.13,1.50
2012.03.26 16:21:36.899,6.68419,6.68599,1.13,1.50
2012.03.26 16:21:38.501,6.68418,6.68599,2.25,1.50
2012.03.26 16:21:39.731,6.68436,6.686,1.35,2.25
2012.03.26 16:21:39.804,6.68469,6.68641,2.25,1.50
2012.03.26 16:21:39.872,6.68469,6.68641,2.25,1.50
2012.03.26 16:21:40.770,6.68469,6.68611,2.25,1.50
2012.03.26 16:21:45.491,6.68444,6.68611,2.33,1.13
2012.03.26 16:21:45.793,6.68444,6.68611,2.33,1.13
2012.03.26 16:21:48.525,6.68444,6.68611,2.33,1.50
2012.03.26 16:21:48.643,6.68444,6.68611,2.33,1.50
2012.03.26 16:21:49.251,6.68444,6.68611,1.58,1.50
2012.03.26 16:21:49.951,6.68444,6.68611,1.58,1.50
2012.03.26 16:21:50.932,6.68444,6.68611,1.58,1.50
2012.03.26 16:21:55.191,6.68444,6.68611,1.58,1.50
2012.03.26 16:21:56.649,6.68444,6.68611,1.58,1.50
2012.03.26 16:22:07.552,6.68444,6.68611,1.58,1.50
2012.03.26 16:22:09.077,6.68444,6.68611,1.58,1.50
2012.03.26 16:22:09.290,6.68418,6.68582,1.50,1.13
2012.03.26 16:22:09.423,6.68394,6.68573,1.80,1.50
2012.03.26 16:22:13.513,6.68391,6.68573,2.33,1.50
2012.03.26 16:22:13.655,6.68429,6.68584,1.50,1.13
2012.03.26 16:22:14.129,6.68429,6.68597,1.50,1.13
2012.03.26 16:22:22.885,6.68429,6.68601,2.25,1.13
2012.03.26 16:22:27.942,6.68429,6.68602,2.25,1.13
2012.03.26 16:22:32.272,6.68455,6.68602,1.50,1.13
2012.03.26 16:22:36.570,6.68455,6.68604,1.50,1.13
2012.03.26 16:22:36.890,6.68424,6.68604,1.50,1.13
2012.03.26 16:22:40.979,6.68424,6.68583,2.25,1.13
2012.03.26 16:22:41.050,6.68424,6.68602,2.33,1.50
2012.03.26 16:22:41.241,6.68456,6.68602,1.50,1.50
2012.03.26 16:22:43.587,6.68432,6.68602,2.25,1.50
2012.03.26 16:22:43.664,6.68421,6.68602,1.88,1.50
2012.03.26 16:22:43.743,6.68421,6.68572,1.88,1.50
2012.03.26 16:22:44.126,6.68366,6.68544,2.25,1.50
2012.03.26 16:22:44.822,6.68366,6.68544,2.25,1.50
2012.03.26 16:22:45.601,6.68391,6.68544,1.50,1.50
2012.03.26 16:22:45.672,6.68367,6.68544,2.25,1.50
2012.03.26 16:22:45.780,6.68367,6.68544,2.25,1.50
2012.03.26 16:22:46.733,6.68367,6.68532,2.25,1.50
2012.03.26 16:22:46.810,6.68367,6.68532,1.50,1.50
2012.03.26 16:22:46.970,6.68343,6.68509,2.25,1.50
2012.03.26 16:22:47.736,6.68343,6.68509,2.25,1.50
2012.03.26 16:22:53.949,6.68343,6.68509,2.25,1.75
2012.03.26 16:22:54.528,6.68343,6.68479,2.25,1.38
2012.03.26 16:22:55.384,6.68343,6.68482,2.25,1.38
2012.03.26 16:22:56.032,6.68343,6.68484,2.25,1.38
2012.03.26 16:22:58.687,6.68343,6.68484,2.25,1.38
2012.03.26 16:23:04.205,6.68344,6.68507,1.13,1.13
2012.03.26 16:23:04.279,6.68354,6.68523,1.50,2.25
2012.03.26 16:23:04.353,6.68363,6.68523,1.13,2.25
2012.03.26 16:23:04.621,6.68374,6.68526,2.25,1.13
2012.03.26 16:23:04.696,6.68374,6.68541,2.25,1.50
2012.03.26 16:23:05.831,6.68374,6.68541,2.25,1.50
2012.03.26 16:23:06.334,6.68374,6.68541,2.25,1.50
2012.03.26 16:23:06.882,6.68374,6.68541,2.25,1.50
2012.03.26 16:23:10.136,6.68374,6.68541,2.25,1.50
2012.03.26 16:23:11.273,6.68374,6.68541,2.25,1.50
2012.03.26 16:23:11.832,6.68374,6.68541,2.25,1.50
2012.03.26 16:23:13.003,6.68374,6.68541,2.25,1.50
2012.03.26 16:23:13.633,6.68374,6.68541,2.25,1.50
2012.03.26 16:23:17.190,6.68374,6.68541,2.25,1.50
2012.03.26 16:23:20.620,6.68374,6.68541,2.25,1.50
2012.03.26 16:23:21.760,6.68374,6.68541,2.25,1.50
2012.03.26 16:23:24.026,6.68374,6.68541,2.25,1.50
2012.03.26 16:23:24.155,6.68374,6.68541,2.25,1.50
2012.03.26 16:23:24.585,6.68401,6.68554,1.13,1.50
2012.03.26 16:23:24.673,6.68401,6.68574,1.13,1.50
2012.03.26 16:23:24.748,6.68426,6.68574,1.50,1.50
2012.03.26 16:23:25.099,6.68426,6.68574,2.25,1.50
2012.03.26 16:23:29.117,6.68426,6.68589,2.25,1.50
2012.03.26 16:23:31.855,6.68426,6.68589,2.25,1.50
2012.03.26 16:23:33.191,6.68426,6.68589,2.25,1.50
2012.03.26 16:23:39.151,6.68436,6.68599,1.13,1.13
2012.03.26 16:23:39.290,6.68436,6.68608,1.13,2.25
2012.03.26 16:23:40.260,6.68435,6.68608,1.13,2.25
2012.03.26 16:23:43.383,6.68436,6.68608,1.13,2.25
2012.03.26 16:23:43.895,6.68436,6.68608,1.13,2.25
2012.03.26 16:23:49.203,6.68439,6.68608,1.13,2.25
2012.03.26 16:23:49.635,6.68452,6.68628,2.25,1.50
2012.03.26 16:23:50.104,6.68439,6.68606,1.13,2.25
2012.03.26 16:23:50.172,6.68439,6.68606,1.13,2.25
2012.03.26 16:23:50.622,6.68441,6.68606,1.13,1.88
2012.03.26 16:23:57.662,6.68426,6.68606,2.25,1.88
2012.03.26 16:23:57.732,6.68426,6.68606,2.25,2.25
2012.03.26 16:23:57.925,6.68426,6.68606,1.50,1.50
2012.03.26 16:23:58.053,6.68426,6.68602,1.50,2.25
2012.03.26 16:23:58.372,6.68392,6.68572,1.14,1.50
2012.03.26 16:23:59.313,6.68416,6.68596,1.58,1.50
2012.03.26 16:23:59.401,6.68416,6.68596,2.04,1.50
2012.03.26 16:23:59.730,6.68453,6.68632,1.50,2.25
2012.03.26 16:23:59.807,6.68479,6.68648,1.50,1.50
2012.03.26 16:24:00.059,6.68479,6.6865,1.50,1.50
2012.03.26 16:24:00.265,6.68479,6.68659,1.50,1.50
2012.03.26 16:24:01.721,6.68479,6.68659,2.25,1.50
2012.03.26 16:24:05.452,6.68479,6.68659,2.25,1.50
2012.03.26 16:24:20.180,6.68485,6.68659,1.50,1.88
2012.03.26 16:24:21.460,6.68485,6.68659,1.13,2.25
2012.03.26 16:24:23.111,6.68479,6.68659,2.25,1.50
2012.03.26 16:24:23.240,6.68479,6.68659,2.25,1.50
2012.03.26 16:24:23.491,6.68542,6.68722,1.50,2.25
2012.03.26 16:24:24.194,6.68542,6.68722,1.50,2.25
2012.03.26 16:24:25.045,6.68542,6.68722,1.50,2.25
2012.03.26 16:24:25.383,6.68542,6.68722,1.50,2.25
2012.03.26 16:24:25.941,6.68542,6.68722,1.50,2.25
2012.03.26 16:24:26.121,6.68542,6.68722,1.50,2.25
2012.03.26 16:24:26.480,6.68542,6.68722,1.88,2.25
2012.03.26 16:24:28.130,6.68542,6.68722,1.50,2.25
2012.03.26 16:24:28.490,6.68542,6.68722,1.50,1.50
2012.03.26 16:24:28.560,6.68542,6.68722,1.50,2.25
2012.03.26 16:24:28.750,6.68507,6.68687,1.50,1.50
2012.03.26 16:24:30.923,6.68507,6.68687,2.25,2.25
2012.03.26 16:24:32.670,6.68507,6.68687,2.25,1.88
2012.03.26 16:24:33.949,6.68507,6.68687,2.25,1.88
2012.03.26 16:24:37.626,6.68507,6.68687,1.88,2.25
2012.03.26 16:24:37.753,6.68491,6.68664,1.13,2.25
2012.03.26 16:24:37.822,6.68482,6.68664,2.25,2.25
2012.03.26 16:24:38.027,6.68482,6.68664,1.50,2.25
2012.03.26 16:24:38.107,6.68467,6.68637,1.50,1.50
2012.03.26 16:24:39.372,6.68467,6.68637,1.50,1.50
2012.03.26 16:24:39.449,6.68483,6.68665,2.25,2.25
2012.03.26 16:24:40.859,6.68483,6.68665,1.50,2.25
2012.03.26 16:24:41.863,6.68483,6.68665,2.25,2.25
2012.03.26 16:24:42.878,6.68483,6.68663,1.50,2.25
2012.03.26 16:24:42.950,6.68467,6.68639,1.50,1.88
2012.03.26 16:24:43.324,6.68487,6.68663,1.50,2.25
2012.03.26 16:24:44.803,6.68487,6.68667,1.50,2.25
2012.03.26 16:24:45.003,6.68487,6.68667,1.50,2.25
2012.03.26 16:24:45.724,6.68487,6.68667,1.50,2.25
2012.03.26 16:24:46.883,6.68487,6.68667,1.50,2.25
2012.03.26 16:24:47.181,6.68487,6.68667,1.50,2.25
2012.03.26 16:24:49.117,6.68487,6.68667,1.50,2.25
2012.03.26 16:24:50.461,6.68487,6.68667,1.50,2.25
2012.03.26 16:24:56.962,6.68487,6.68667,1.50,2.25
2012.03.26 16:24:57.629,6.68487,6.68667,1.50,2.25
2012.03.26 16:24:57.708,6.68463,6.68639,1.50,2.25
2012.03.26 16:24:57.789,6.68459,6.68639,1.50,2.25
2012.03.26 16:24:57.869,6.68435,6.68611,1.50,2.25
2012.03.26 16:24:57.950,6.68431,6.68611,1.50,2.25
2012.03.26 16:25:00.363,6.68431,6.68611,1.50,2.25
2012.03.26 16:25:02.923,6.68431,6.68611,1.50,2.25
2012.03.26 16:25:05.213,6.68431,6.68611,1.88,2.25
2012.03.26 16:25:09.121,6.68431,6.68611,1.50,2.25
2012.03.26 16:25:12.352,6.68431,6.68611,1.50,2.25
2012.03.26 16:25:17.813,6.68431,6.68611,1.50,2.25
2012.03.26 16:25:18.954,6.68431,6.68611,1.50,2.25
2012.03.26 16:25:21.528,6.68431,6.68592,1.50,1.50
2012.03.26 16:25:21.678,6.68406,6.68566,1.50,2.25
2012.03.26 16:25:21.822,6.68385,6.68566,2.25,2.25
2012.03.26 16:25:22.548,6.68385,6.68566,1.50,2.25
2012.03.26 16:25:26.413,6.68385,6.68566,1.50,2.25
2012.03.26 16:25:27.531,6.68385,6.68566,1.50,2.25
2012.03.26 16:25:30.950,6.68385,6.68566,1.50,2.25
2012.03.26 16:25:31.338,6.68385,6.68566,2.25,2.25
2012.03.26 16:25:31.709,6.68412,6.68591,1.50,2.25
2012.03.26 16:25:33.017,6.68412,6.68591,2.25,2.25
2012.03.26 16:25:33.289,6.68435,6.68617,1.50,2.25
2012.03.26 16:25:34.352,6.68435,6.68613,1.50,1.50
2012.03.26 16:25:35.242,6.68435,6.68613,1.50,1.50
2012.03.26 16:25:37.083,6.68435,6.68617,1.50,2.25
2012.03.26 16:25:37.409,6.68411,6.68561,1.50,2.25
2012.03.26 16:25:37.477,6.68381,6.68561,1.88,2.25
2012.03.26 16:25:39.073,6.68381,6.68561,1.50,2.25
2012.03.26 16:25:40.020,6.68405,6.68582,1.50,1.50
2012.03.26 16:25:40.233,6.68405,6.68582,1.50,1.50
2012.03.26 16:25:40.604,6.68405,6.68585,2.25,2.25
2012.03.26 16:25:40.913,6.68429,6.68605,1.50,1.50
2012.03.26 16:25:42.900,6.68429,6.68611,1.50,2.25
2012.03.26 16:25:44.312,6.68429,6.68611,1.50,2.25
2012.03.26 16:25:45.445,6.68429,6.68611,1.50,2.25
2012.03.26 16:25:45.925,6.68429,6.68611,1.50,2.25
2012.03.26 16:25:47.039,6.68429,6.68602,1.50,1.50
2012.03.26 16:25:47.315,6.68406,6.68571,1.50,2.25
2012.03.26 16:25:47.678,6.68391,6.68571,1.50,2.25
2012.03.26 16:25:48.731,6.68391,6.68571,1.50,2.25
2012.03.26 16:25:52.156,6.68391,6.68571,1.50,2.25
2012.03.26 16:25:54.966,6.68391,6.68571,1.50,2.25
2012.03.26 16:25:55.311,6.68363,6.68513,1.50,1.50
2012.03.26 16:25:55.780,6.6833,6.68505,1.13,2.25
2012.03.26 16:25:56.620,6.68333,6.68505,1.13,2.25
2012.03.26 16:25:58.732,6.68325,6.68502,2.25,1.50
2012.03.26 16:25:58.846,6.68325,6.68502,1.50,1.50
2012.03.26 16:26:00.588,6.68325,6.68502,1.50,1.50
2012.03.26 16:26:01.075,6.68296,6.68478,1.50,2.25
2012.03.26 16:26:01.291,6.68296,6.68478,2.25,2.25
2012.03.26 16:26:01.888,6.68323,6.68492,1.50,1.50
2012.03.26 16:26:02.224,6.68323,6.68492,1.88,1.50
2012.03.26 16:26:03.856,6.68323,6.68502,2.25,2.25
2012.03.26 16:26:05.292,6.68323,6.68502,2.25,2.25
2012.03.26 16:26:08.383,6.68323,6.68502,2.25,2.25
2012.03.26 16:26:09.737,6.68323,6.68502,2.25,2.25
2012.03.26 16:26:10.895,6.68323,6.68502,2.25,2.25
2012.03.26 16:26:11.923,6.68323,6.68502,2.25,2.25
2012.03.26 16:26:14.292,6.68323,6.68502,2.25,1.88
2012.03.26 16:26:14.830,6.68348,6.6853,1.50,2.25
2012.03.26 16:26:15.400,6.68348,6.68512,1.50,1.50
2012.03.26 16:26:18.180,6.68348,6.6853,1.50,2.25
2012.03.26 16:26:18.587,6.68323,6.68503,2.25,1.88
2012.03.26 16:26:18.882,6.68323,6.68503,1.88,2.25
2012.03.26 16:26:21.995,6.68323,6.68503,2.25,1.88
2012.03.26 16:26:22.193,6.68349,6.68531,1.50,2.25
2012.03.26 16:26:23.056,6.68349,6.68531,1.50,2.25
2012.03.26 16:26:24.030,6.68349,6.68531,1.50,2.25
2012.03.26 16:26:25.695,6.68349,6.68523,1.50,1.50
2012.03.26 16:26:26.010,6.68323,6.68505,2.25,2.25
2012.03.26 16:26:29.866,6.68323,6.68505,1.88,2.25
2012.03.26 16:26:31.923,6.68323,6.68505,1.88,2.25
2012.03.26 16:26:35.422,6.68323,6.68505,1.88,2.25
2012.03.26 16:26:40.064,6.68323,6.68505,1.88,2.25
2012.03.26 16:26:41.117,6.68327,6.68505,1.13,2.25
2012.03.26 16:26:41.440,6.68323,6.68505,2.63,2.25
2012.03.26 16:26:42.398,6.68323,6.68505,2.25,2.25
2012.03.26 16:26:42.944,6.68349,6.68531,1.50,2.25
2012.03.26 16:26:43.011,6.68349,6.68531,1.88,2.25
2012.03.26 16:26:44.112,6.68349,6.68531,1.88,2.25
2012.03.26 16:26:44.588,6.68349,6.68531,2.25,1.50
2012.03.26 16:26:44.918,6.68383,6.68563,1.50,2.25
2012.03.26 16:26:45.282,6.68407,6.68583,1.50,1.50
2012.03.26 16:26:45.751,6.68407,6.68583,1.50,1.50
2012.03.26 16:26:46.190,6.68407,6.68587,1.50,2.25
2012.03.26 16:26:47.156,6.68407,6.68587,1.88,2.25
2012.03.26 16:26:47.862,6.68407,6.68587,1.50,2.25
2012.03.26 16:26:48.837,6.68407,6.68587,1.50,2.25
2012.03.26 16:26:50.149,6.68407,6.68587,1.50,2.25
2012.03.26 16:26:52.425,6.68407,6.68587,1.50,2.25
2012.03.26 16:26:52.695,6.68384,6.68563,3.00,2.25
2012.03.26 16:26:53.374,6.68384,6.68563,1.50,2.25
2012.03.26 16:26:56.108,6.68384,6.68563,1.50,2.25
2012.03.26 16:26:57.535,6.68384,6.68563,1.50,2.25
2012.03.26 16:26:58.493,6.68384,6.68563,1.50,2.25
2012.03.26 16:26:59.561,6.68384,6.68563,1.50,2.25
2012.03.26 16:27:00.423,6.68384,6.68563,1.50,3.00
2012.03.26 16:27:02.574,6.68384,6.68563,1.50,2.25
2012.03.26 16:27:06.373,6.68384,6.68563,1.50,2.25
2012.03.26 16:27:13.956,6.68384,6.68563,1.50,2.25
2012.03.26 16:27:14.846,6.68384,6.68563,1.50,2.25
2012.03.26 16:27:15.090,6.6841,6.68592,1.50,2.25
2012.03.26 16:27:17.682,6.6841,6.68592,1.50,2.25
2012.03.26 16:27:19.693,6.6841,6.68547,1.50,1.13
2012.03.26 16:27:20.433,6.6841,6.6855,1.50,1.13
2012.03.26 16:27:21.452,6.6841,6.6855,1.50,1.13
2012.03.26 16:27:21.527,6.68382,6.68535,1.50,1.13
2012.03.26 16:27:23.903,6.68382,6.68539,1.50,1.13
2012.03.26 16:27:24.648,6.68382,6.68546,1.88,1.13
2012.03.26 16:27:29.236,6.68382,6.68539,1.50,1.13
2012.03.26 16:27:29.496,6.68382,6.68539,1.50,1.13
2012.03.26 16:27:30.045,6.68382,6.68539,1.50,1.13
2012.03.26 16:27:31.990,6.68382,6.68531,1.50,1.13
2012.03.26 16:27:32.347,6.68382,6.68531,1.50,1.13
2012.03.26 16:27:32.439,6.68382,6.68522,1.50,1.50
2012.03.26 16:27:32.588,6.68357,6.68522,1.50,1.50
2012.03.26 16:27:32.813,6.68357,6.68522,1.50,1.50
2012.03.26 16:27:41.352,6.68357,6.68533,1.50,1.50
2012.03.26 16:27:44.474,6.68357,6.68535,1.50,1.50
2012.03.26 16:27:45.553,6.68357,6.68533,1.50,1.50
2012.03.26 16:27:46.704,6.68357,6.68535,1.50,1.50
2012.03.26 16:27:48.102,6.68357,6.68535,1.50,1.50
2012.03.26 16:27:50.053,6.68357,6.68535,1.50,1.50
2012.03.26 16:27:51.192,6.68357,6.68535,1.50,1.50
2012.03.26 16:27:51.941,6.68357,6.68535,1.50,1.50
2012.03.26 16:27:52.910,6.68357,6.68538,2.25,2.25
2012.03.26 16:27:53.177,6.68381,6.68556,1.50,1.50
2012.03.26 16:27:59.983,6.68381,6.68562,1.50,2.25
2012.03.26 16:28:06.120,6.68381,6.68562,1.50,2.25
2012.03.26 16:28:08.485,6.68381,6.68562,1.50,2.25
2012.03.26 16:28:09.451,6.68381,6.68562,1.50,2.25
2012.03.26 16:28:13.014,6.68381,6.68562,2.25,2.25
2012.03.26 16:28:13.085,6.68409,6.68591,1.50,2.25
2012.03.26 16:28:13.411,6.68384,6.68563,2.25,2.25
2012.03.26 16:28:14.001,6.68408,6.6859,1.50,2.25
2012.03.26 16:28:16.779,6.68408,6.68555,1.50,1.50
2012.03.26 16:28:17.058,6.6834,6.6852,1.50,2.25
2012.03.26 16:28:19.346,6.6834,6.6852,1.50,2.25
2012.03.26 16:28:25.842,6.6834,6.6852,1.50,2.25
2012.03.26 16:28:26.831,6.6834,6.6852,1.50,2.25
2012.03.26 16:28:28.899,6.6834,6.6852,1.50,2.25
2012.03.26 16:28:39.743,6.6834,6.6852,1.50,2.25
2012.03.26 16:28:39.876,6.6834,6.6852,2.25,2.25
2012.03.26 16:28:40.019,6.68366,6.68535,1.50,1.50
2012.03.26 16:28:40.356,6.68366,6.68543,1.50,1.50
2012.03.26 16:28:40.548,6.68342,6.68513,1.50,2.25
2012.03.26 16:28:40.872,6.68333,6.68513,1.50,2.25
2012.03.26 16:28:40.948,6.68333,6.68513,1.50,3.00
2012.03.26 16:28:41.772,6.68333,6.68513,1.50,2.25
2012.03.26 16:28:43.116,6.68333,6.68513,1.50,2.25
2012.03.26 16:28:46.030,6.68333,6.68513,1.50,2.25
2012.03.26 16:28:47.038,6.68333,6.68513,1.50,2.25
2012.03.26 16:28:47.429,6.68333,6.68513,1.50,3.00
2012.03.26 16:28:49.797,6.68333,6.68513,1.50,3.00
2012.03.26 16:28:51.657,6.68333,6.68483,1.50,1.50
2012.03.26 16:28:51.800,6.68308,6.68472,1.50,2.25
2012.03.26 16:28:51.879,6.6829,6.68472,1.88,2.25
2012.03.26 16:28:53.345,6.6829,6.68472,1.50,2.25
2012.03.26 16:28:53.683,6.6832,6.68492,1.50,1.50
2012.03.26 16:28:54.342,6.6832,6.68492,1.50,1.50
2012.03.26 16:28:55.720,6.6832,6.68502,1.50,2.25
2012.03.26 16:28:57.903,6.68345,6.68504,1.50,1.50
2012.03.26 16:28:58.802,6.68345,6.68526,1.50,3.00
2012.03.26 16:28:59.943,6.68345,6.68526,1.50,3.00
2012.03.26 16:29:02.029,6.68345,6.68526,2.25,3.00
2012.03.26 16:29:02.561,6.68345,6.68526,2.25,3.00
2012.03.26 16:29:05.242,6.68345,6.68526,2.25,3.00
2012.03.26 16:29:07.283,6.68345,6.68526,2.25,3.00
2012.03.26 16:29:07.915,6.68345,6.68526,1.50,2.25
2012.03.26 16:29:08.363,6.68345,6.68526,1.50,2.25
2012.03.26 16:29:11.221,6.68345,6.68526,1.50,2.25
2012.03.26 16:29:19.418,6.68345,6.68526,1.50,2.25
2012.03.26 16:29:19.495,6.68345,6.68526,2.25,2.25
2012.03.26 16:29:19.909,6.68345,6.68526,1.50,2.25
2012.03.26 16:29:22.771,6.68345,6.68526,1.50,2.25
2012.03.26 16:29:28.014,6.68345,6.68523,1.50,1.50
2012.03.26 16:29:28.346,6.68292,6.68464,1.50,1.88
2012.03.26 16:29:28.419,6.68284,6.68464,1.50,2.25
2012.03.26 16:29:31.476,6.68284,6.68464,2.25,2.25
2012.03.26 16:29:31.544,6.68289,6.68464,1.13,2.25
2012.03.26 16:29:31.615,6.68293,6.68464,1.50,1.50
2012.03.26 16:29:31.689,6.6831,6.68488,1.88,2.25
2012.03.26 16:29:31.837,6.6831,6.68492,2.25,1.50
2012.03.26 16:29:31.904,6.68336,6.68516,1.50,1.50
2012.03.26 16:29:33.059,6.68336,6.68516,1.50,1.50
2012.03.26 16:29:34.896,6.68336,6.68516,1.50,1.50
2012.03.26 16:29:39.235,6.68336,6.68516,1.50,1.50
2012.03.26 16:29:40.883,6.68336,6.68516,1.50,1.50
2012.03.26 16:29:41.018,6.68366,6.68541,1.50,2.25
2012.03.26 16:29:41.485,6.6834,6.6852,1.50,2.25
2012.03.26 16:29:45.782,6.6834,6.6852,1.50,2.25
2012.03.26 16:29:47.563,6.6834,6.6852,1.50,2.25
2012.03.26 16:29:49.040,6.6834,6.6852,1.50,2.25
2012.03.26 16:29:50.091,6.6834,6.6852,1.50,2.25
2012.03.26 16:29:57.600,6.6834,6.6852,1.50,2.25
2012.03.26 16:30:01.120,6.6834,6.6852,1.50,2.25
2012.03.26 16:30:01.253,6.6834,6.6852,1.50,2.25
2012.03.26 16:30:02.574,6.6834,6.68512,1.50,1.50
2012.03.26 16:30:03.601,6.6834,6.68512,1.50,1.50
2012.03.26 16:30:05.492,6.6834,6.68512,1.50,1.50
2012.03.26 16:30:06.801,6.6834,6.6852,1.50,2.25
2012.03.26 16:30:12.188,6.6834,6.6852,1.50,2.25
2012.03.26 16:30:13.992,6.6834,6.6852,1.50,2.25
2012.03.26 16:30:16.369,6.68341,6.6852,1.50,2.25
2012.03.26 16:30:16.447,6.68366,6.68546,1.50,2.25
2012.03.26 16:30:16.513,6.68341,6.68518,1.50,2.25
2012.03.26 16:30:16.830,6.68338,6.68518,1.50,2.25
2012.03.26 16:30:18.331,6.68338,6.68518,1.88,2.25
2012.03.26 16:30:19.490,6.68338,6.68518,1.50,2.25
2012.03.26 16:30:22.152,6.68338,6.68518,1.50,2.25
2012.03.26 16:30:27.454,6.68365,6.68543,1.50,2.25
2012.03.26 16:30:27.520,6.68365,6.68545,1.50,3.00
2012.03.26 16:30:28.213,6.68339,6.68519,2.25,2.25
2012.03.26 16:30:28.741,6.68339,6.68519,1.50,2.25
2012.03.26 16:30:32.586,6.68339,6.68519,1.50,2.25
2012.03.26 16:30:35.627,6.68339,6.68519,1.50,2.25
2012.03.26 16:30:37.999,6.68339,6.68519,1.50,2.25
2012.03.26 16:30:47.022,6.68339,6.68519,1.50,2.25
2012.03.26 16:30:48.935,6.68339,6.68519,1.50,2.25
2012.03.26 16:30:49.255,6.6831,6.68482,1.50,1.50
2012.03.26 16:30:49.391,6.68287,6.68462,2.25,1.50
2012.03.26 16:30:49.733,6.68286,6.68468,2.25,2.25
2012.03.26 16:30:49.801,6.68288,6.68468,1.50,2.25
2012.03.26 16:30:49.874,6.68314,6.68491,1.50,2.25
2012.03.26 16:30:50.144,6.68314,6.68493,1.50,1.50
2012.03.26 16:30:51.095,6.68314,6.68493,1.50,1.50
2012.03.26 16:30:51.731,6.68314,6.68482,1.50,1.50
2012.03.26 16:30:52.769,6.68314,6.68473,1.50,1.50
2012.03.26 16:30:53.934,6.68314,6.68483,1.50,1.50
2012.03.26 16:30:54.617,6.68314,6.68496,1.50,2.25
2012.03.26 16:30:55.053,6.68314,6.68492,1.50,1.50
2012.03.26 16:30:55.270,6.6829,6.68471,1.50,2.25
2012.03.26 16:30:55.981,6.68289,6.68471,1.50,2.25
2012.03.26 16:30:56.281,6.68289,6.68471,1.50,2.25
2012.03.26 16:31:00.912,6.68289,6.68471,1.50,2.25
2012.03.26 16:31:03.071,6.68289,6.68471,1.50,2.25
2012.03.26 16:31:07.151,6.68289,6.68453,1.50,1.50
2012.03.26 16:31:07.620,6.68315,6.6846,1.50,1.50
2012.03.26 16:31:08.168,6.68315,6.6846,1.50,1.50
2012.03.26 16:31:11.905,6.68315,6.6846,1.50,1.13
2012.03.26 16:31:14.790,6.68315,6.68462,1.50,1.13
2012.03.26 16:31:16.168,6.68315,6.6846,1.50,1.13
2012.03.26 16:31:18.862,6.68315,6.6846,1.50,1.50
2012.03.26 16:31:25.833,6.68315,6.68493,2.25,1.13
2012.03.26 16:31:26.027,6.68316,6.68493,2.25,1.13
2012.03.26 16:31:26.109,6.6834,6.68493,1.50,1.13
2012.03.26 16:31:31.072,6.6834,6.68499,1.50,1.50
2012.03.26 16:31:31.792,6.6834,6.68491,1.50,1.13
2012.03.26 16:31:32.176,6.6834,6.68489,1.50,1.13
2012.03.26 16:31:36.408,6.68341,6.68489,1.50,1.13
2012.03.26 16:31:36.607,6.68332,6.6851,1.50,1.50
2012.03.26 16:31:40.241,6.68332,6.68492,1.50,1.13
2012.03.26 16:31:41.620,6.68332,6.68492,1.50,1.50
2012.03.26 16:31:42.955,6.68332,6.68483,1.50,1.50
2012.03.26 16:31:43.203,6.68303,6.68467,1.50,1.50
2012.03.26 16:31:44.005,6.68303,6.68457,1.50,1.50
2012.03.26 16:31:46.481,6.68303,6.68457,1.50,1.50
2012.03.26 16:31:49.656,6.68278,6.68442,1.88,1.13
2012.03.26 16:31:54.606,6.68278,6.68442,1.88,1.13
2012.03.26 16:31:55.682,6.68278,6.68442,1.50,1.13
2012.03.26 16:31:58.238,6.68278,6.68445,2.25,1.13
2012.03.26 16:32:01.621,6.68278,6.68443,1.88,1.13
2012.03.26 16:32:02.072,6.68303,6.68458,1.50,1.50
2012.03.26 16:32:03.893,6.68303,6.68458,1.50,1.50
2012.03.26 16:32:13.293,6.68303,6.68458,1.50,1.50
2012.03.26 16:32:14.366,6.68303,6.68458,1.50,1.50
2012.03.26 16:32:15.756,6.68303,6.68458,1.50,1.50
2012.03.26 16:32:18.050,6.68303,6.68476,3.00,1.13
2012.03.26 16:32:18.128,6.68326,6.68476,1.50,1.13
2012.03.26 16:32:18.448,6.68326,6.68483,1.50,1.50
2012.03.26 16:32:19.654,6.68326,6.68483,1.50,1.50
2012.03.26 16:32:20.288,6.68303,6.68481,1.50,2.25
2012.03.26 16:32:20.374,6.683,6.6847,1.50,1.50
2012.03.26 16:32:21.142,6.683,6.6846,1.50,1.50
2012.03.26 16:32:22.314,6.68325,6.6846,1.50,1.50
2012.03.26 16:32:22.387,6.68325,6.6846,1.50,1.13
2012.03.26 16:32:23.205,6.68325,6.6846,1.50,1.50
2012.03.26 16:32:24.517,6.68302,6.6846,1.50,1.50
2012.03.26 16:32:24.634,6.683,6.6846,1.50,1.50
2012.03.26 16:32:25.317,6.68331,6.68483,1.50,1.13
2012.03.26 16:32:25.389,6.68331,6.68483,1.50,1.13
2012.03.26 16:32:25.804,6.68331,6.68488,1.50,1.50
2012.03.26 16:32:28.108,6.68331,6.68488,1.50,1.50
2012.03.26 16:32:28.190,6.68306,6.68474,1.50,1.50
2012.03.26 16:32:30.085,6.68306,6.68474,1.50,1.50
2012.03.26 16:32:31.075,6.68306,6.68474,1.50,1.50
2012.03.26 16:32:32.752,6.68306,6.68478,2.25,1.13
2012.03.26 16:32:32.957,6.68306,6.68478,2.25,1.13
2012.03.26 16:32:33.404,6.68337,6.68478,1.50,1.13
2012.03.26 16:32:38.128,6.68337,6.6849,1.50,1.13
2012.03.26 16:32:38.524,6.68337,6.68488,1.50,1.50
2012.03.26 16:32:42.421,6.68337,6.68483,1.50,1.13
2012.03.26 16:32:42.553,6.68337,6.68478,1.50,1.50
2012.03.26 16:32:42.900,6.68362,6.68489,1.50,1.50
2012.03.26 16:32:42.979,6.68362,6.68504,2.25,1.50
2012.03.26 16:32:43.117,6.68388,6.68504,1.50,1.50
2012.03.26 16:32:44.300,6.68388,6.68517,1.50,1.50
2012.03.26 16:32:44.804,6.68388,6.68554,1.88,1.32
2012.03.26 16:32:44.936,6.68388,6.68554,1.88,1.13
2012.03.26 16:32:45.066,6.68393,6.68564,1.50,1.50
2012.03.26 16:32:45.627,6.68417,6.68564,1.50,1.50
2012.03.26 16:32:47.844,6.68417,6.68564,1.50,1.50
2012.03.26 16:32:50.895,6.68417,6.68564,1.50,1.50
2012.03.26 16:32:52.537,6.68417,6.68564,1.50,1.50
2012.03.26 16:32:54.835,6.68417,6.68564,1.50,1.50
2012.03.26 16:32:55.031,6.68393,6.68564,1.50,1.50
2012.03.26 16:32:55.103,6.68389,6.68564,1.50,1.50
2012.03.26 16:33:00.401,6.68389,6.68552,1.50,1.50
2012.03.26 16:33:02.184,6.68389,6.68552,1.50,1.50
2012.03.26 16:33:02.655,6.68387,6.68548,1.50,1.13
2012.03.26 16:33:03.543,6.68387,6.68548,1.50,1.50
2012.03.26 16:33:03.833,6.6836,6.68538,1.50,1.50
2012.03.26 16:33:09.956,6.6836,6.68509,1.50,1.50
2012.03.26 16:33:10.551,6.6836,6.68514,1.50,1.13
2012.03.26 16:33:19.047,6.6836,6.68527,2.25,1.13
2012.03.26 16:33:19.395,6.68387,6.68543,1.50,1.13
2012.03.26 16:33:19.823,6.68387,6.68543,1.50,1.13
2012.03.26 16:33:22.135,6.6842,6.68564,1.50,1.50
2012.03.26 16:33:23.004,6.6842,6.68564,1.50,1.50
2012.03.26 16:33:24.907,6.6842,6.68564,1.50,1.50
2012.03.26 16:33:26.012,6.6842,6.68564,1.50,1.50
2012.03.26 16:33:31.233,6.6842,6.68564,1.50,1.50
2012.03.26 16:33:32.140,6.6842,6.68564,1.50,1.50
2012.03.26 16:33:32.653,6.68396,6.68564,3.00,1.50
2012.03.26 16:33:33.285,6.68396,6.68564,1.50,1.50
2012.03.26 16:33:33.361,6.68422,6.68572,1.50,1.13
2012.03.26 16:33:33.697,6.68448,6.68593,1.50,1.13
2012.03.26 16:33:33.885,6.68448,6.68602,1.50,1.50
2012.03.26 16:33:34.093,6.68448,6.68593,1.50,1.13
2012.03.26 16:33:34.586,6.68421,6.68595,2.25,1.13
2012.03.26 16:33:34.657,6.68448,6.68595,1.50,1.13
2012.03.26 16:33:34.784,6.68448,6.68598,1.50,1.13
2012.03.26 16:33:35.773,6.68448,6.68598,1.50,1.13
2012.03.26 16:33:37.022,6.68448,6.68602,1.50,1.13
2012.03.26 16:33:37.100,6.68448,6.68614,1.50,1.50
2012.03.26 16:33:37.295,6.68448,6.68628,1.50,2.25
2012.03.26 16:33:37.483,6.68448,6.68628,1.50,2.25
2012.03.26 16:33:37.974,6.68448,6.68603,1.50,1.13
2012.03.26 16:33:43.334,6.68448,6.68603,1.50,1.50
2012.03.26 16:33:46.761,6.68448,6.68603,1.50,1.50
2012.03.26 16:33:50.373,6.68448,6.68605,1.50,1.13
2012.03.26 16:33:50.663,6.68472,6.68605,1.50,1.13
2012.03.26 16:33:50.734,6.68472,6.6861,1.50,1.50
2012.03.26 16:33:50.825,6.68447,6.6861,1.50,1.50
2012.03.26 16:33:53.023,6.68447,6.6861,1.50,1.50
2012.03.26 16:33:53.375,6.68447,6.68596,1.50,1.13
2012.03.26 16:34:00.390,6.68447,6.68605,1.50,1.50
2012.03.26 16:34:01.114,6.6842,6.68596,1.50,1.50
2012.03.26 16:34:01.513,6.6842,6.68588,2.25,1.13
2012.03.26 16:34:02.583,6.6842,6.68596,2.25,1.13
2012.03.26 16:34:07.735,6.6842,6.68594,2.25,1.13
2012.03.26 16:34:08.075,6.6842,6.68581,1.50,1.50
2012.03.26 16:34:08.362,6.68394,6.68574,3.00,2.25
2012.03.26 16:34:09.262,6.68394,6.68574,1.50,2.25
2012.03.26 16:34:15.122,6.68394,6.68574,2.25,2.25
2012.03.26 16:34:15.661,6.68394,6.68574,3.00,1.50
2012.03.26 16:34:15.887,6.68421,6.68589,2.25,1.13
2012.03.26 16:34:16.011,6.68446,6.68589,1.50,1.13
2012.03.26 16:34:19.515,6.68446,6.68583,1.50,1.50
2012.03.26 16:34:19.765,6.6842,6.68583,1.50,1.50
2012.03.26 16:34:19.839,6.68397,6.6857,1.88,1.50
2012.03.26 16:34:20.035,6.68397,6.6857,1.50,1.50
2012.03.26 16:34:20.995,6.68397,6.68557,1.50,1.50
2012.03.26 16:34:22.639,6.68397,6.68557,1.50,1.50
2012.03.26 16:34:22.790,6.68364,6.6854,1.50,1.50
2012.03.26 16:34:23.059,6.68364,6.6854,1.50,1.50
2012.03.26 16:34:23.724,6.68364,6.68505,1.50,1.13
2012.03.26 16:34:23.792,6.6834,6.68505,1.88,1.13
2012.03.26 16:34:24.138,6.68337,6.68501,1.88,1.13
2012.03.26 16:34:24.856,6.68353,6.68519,1.50,2.25
2012.03.26 16:34:25.163,6.68364,6.68519,1.50,1.50
2012.03.26 16:34:25.255,6.68381,6.68555,1.50,1.50
2012.03.26 16:34:25.808,6.68381,6.68555,1.50,1.50
2012.03.26 16:34:26.021,6.68334,6.68511,1.50,2.25
2012.03.26 16:34:26.278,6.68361,6.6853,1.50,1.50
2012.03.26 16:34:26.931,6.68361,6.68516,1.50,1.50
2012.03.26 16:34:30.315,6.68361,6.68516,1.50,1.13
2012.03.26 16:34:30.449,6.68364,6.68534,1.50,1.13
2012.03.26 16:34:30.599,6.68384,6.68549,1.50,1.50
2012.03.26 16:34:31.678,6.68361,6.6852,1.50,2.25
2012.03.26 16:34:31.815,6.68341,6.6852,2.25,2.25
2012.03.26 16:34:32.755,6.68341,6.68502,1.50,1.50
2012.03.26 16:34:34.475,6.68341,6.68493,1.50,1.50
2012.03.26 16:34:35.602,6.68341,6.68493,1.50,1.50
2012.03.26 16:34:38.391,6.68341,6.68501,1.50,1.13
2012.03.26 16:34:38.525,6.68363,6.68501,1.50,1.13
2012.03.26 16:34:38.651,6.68363,6.68515,1.50,1.50
2012.03.26 16:34:39.395,6.68363,6.68515,1.50,1.50
2012.03.26 16:34:41.026,6.68363,6.68515,1.50,1.50
2012.03.26 16:34:41.095,6.6834,6.68514,1.50,2.25
2012.03.26 16:34:41.166,6.68334,6.68488,1.50,1.50
2012.03.26 16:34:44.840,6.68334,6.68488,1.50,1.50
2012.03.26 16:34:46.143,6.68334,6.68499,1.88,1.13
2012.03.26 16:34:46.210,6.68334,6.68501,1.88,1.13
2012.03.26 16:34:48.204,6.68334,6.68501,1.88,1.13
2012.03.26 16:34:51.972,6.68334,6.68514,2.25,2.25
2012.03.26 16:34:52.295,6.68361,6.68522,1.50,1.13
2012.03.26 16:34:53.745,6.68361,6.6854,2.25,1.13
2012.03.26 16:34:53.947,6.68361,6.6854,2.25,1.13
2012.03.26 16:34:54.250,6.68388,6.6854,1.50,1.13
2012.03.26 16:34:55.675,6.68388,6.68552,1.50,1.50
2012.03.26 16:34:59.049,6.68388,6.68568,3.75,2.25
2012.03.26 16:34:59.129,6.68412,6.6857,1.50,1.13
2012.03.26 16:35:06.468,6.68412,6.68594,2.25,2.25
2012.03.26 16:35:06.845,6.68458,6.68623,1.88,1.13
2012.03.26 16:35:07.040,6.68458,6.68638,2.25,1.13
2012.03.26 16:35:07.116,6.68458,6.68638,2.25,1.13
2012.03.26 16:35:07.243,6.68494,6.68638,1.50,1.13
2012.03.26 16:35:11.542,6.68494,6.68643,1.50,1.13
2012.03.26 16:35:16.927,6.68494,6.68635,1.50,1.50
2012.03.26 16:35:17.056,6.68469,6.68635,1.50,1.50
2012.03.26 16:35:19.003,6.68469,6.68627,1.50,1.50
2012.03.26 16:35:22.350,6.68469,6.68638,2.25,1.13
2012.03.26 16:35:23.009,6.68492,6.68638,1.50,1.13
2012.03.26 16:35:26.931,6.68492,6.68651,1.50,1.13
2012.03.26 16:35:27.506,6.68492,6.68649,1.50,1.13
2012.03.26 16:35:27.649,6.68466,6.68645,1.50,1.50
2012.03.26 16:35:28.812,6.68466,6.68631,1.88,1.13
2012.03.26 16:35:29.193,6.68493,6.68641,1.50,1.13
2012.03.26 16:35:29.573,6.68493,6.68648,1.50,1.50
2012.03.26 16:35:30.361,6.68493,6.68645,1.50,1.13
2012.03.26 16:35:32.050,6.68465,6.68645,2.25,1.13
2012.03.26 16:35:32.337,6.68465,6.6864,1.88,1.50
2012.03.26 16:35:34.265,6.68465,6.68629,1.50,1.50
2012.03.26 16:35:36.183,6.68465,6.68629,1.50,1.50
2012.03.26 16:35:39.016,6.68465,6.68629,1.50,1.50
2012.03.26 16:35:39.441,6.68465,6.68647,1.50,2.25
2012.03.26 16:35:39.514,6.68465,6.68647,2.25,2.25
2012.03.26 16:35:39.642,6.68495,6.68674,1.50,2.25
2012.03.26 16:35:39.714,6.68524,6.68685,1.50,1.13
2012.03.26 16:35:39.963,6.68494,6.68676,1.50,2.25
2012.03.26 16:35:40.033,6.68494,6.68665,1.50,1.50
2012.03.26 16:35:40.102,6.68461,6.68641,1.50,1.50
2012.03.26 16:35:41.191,6.68462,6.68641,1.50,1.50
2012.03.26 16:35:41.481,6.68485,6.68667,1.50,1.50
2012.03.26 16:36:05.063,6.68463,6.68642,1.50,1.50
2012.03.26 16:36:34.973,6.68463,6.6864,1.50,1.50
2012.03.26 16:36:35.084,6.68417,6.68602,1.50,1.50
2012.03.26 16:36:35.864,6.68446,6.68625,1.50,1.50
2012.03.26 16:36:35.992,6.68446,6.68628,1.50,1.50
2012.03.26 16:37:31.911,6.68446,6.68628,2.25,1.50
2012.03.26 16:37:33.272,6.68446,6.68628,1.50,1.50
2012.03.26 16:37:36.075,6.68438,6.68659,1.50,1.13
2012.03.26 16:37:38.494,6.68443,6.68659,1.50,1.13
2012.03.26 16:37:39.907,6.68443,6.68652,1.50,1.50
2012.03.26 16:37:40.038,6.68414,6.68652,1.50,1.50
2012.03.26 16:37:40.108,6.68414,6.68622,1.50,1.50
2012.03.26 16:37:40.620,6.68416,6.68598,2.25,1.50
2012.03.26 16:37:40.719,6.68416,6.68598,1.50,1.50
2012.03.26 16:37:40.877,6.68417,6.68598,1.50,1.50
2012.03.26 16:37:40.945,6.68443,6.68622,1.50,1.50
2012.03.26 16:37:41.217,6.68443,6.68625,1.50,1.50
2012.03.26 16:37:52.030,6.68443,6.68625,2.25,1.50
2012.03.26 16:37:52.344,6.68443,6.68625,1.50,1.50
2012.03.26 16:37:53.763,6.68443,6.68625,2.25,1.50
2012.03.26 16:37:53.894,6.68471,6.68648,1.50,1.50
2012.03.26 16:37:53.970,6.68471,6.6865,1.50,1.50
2012.03.26 16:38:00.372,6.68446,6.68628,1.50,1.50
2012.03.26 16:38:16.611,6.68474,6.68652,1.50,1.50
2012.03.26 16:38:16.681,6.68474,6.68656,1.50,2.25
2012.03.26 16:38:16.751,6.68474,6.68656,2.25,2.25
2012.03.26 16:38:17.782,6.68535,6.68715,1.50,2.25
2012.03.26 16:38:20.720,6.68535,6.68715,1.50,2.25
2012.03.26 16:38:20.910,6.68535,6.68701,1.50,1.50
2012.03.26 16:38:30.050,6.68535,6.68715,1.50,3.00
2012.03.26 16:38:53.558,6.68535,6.68715,1.50,3.00
2012.03.26 16:38:59.512,6.68535,6.68715,1.50,3.00
2012.03.26 16:39:03.387,6.68535,6.68702,1.50,1.50
2012.03.26 16:39:06.228,6.68535,6.68702,1.50,1.50
2012.03.26 16:39:07.577,6.68535,6.68715,1.50,2.25
2012.03.26 16:39:09.076,6.68535,6.68715,1.50,2.25
2012.03.26 16:39:10.186,6.68535,6.68715,1.50,2.25
2012.03.26 16:39:13.613,6.68535,6.68715,1.50,2.25
2012.03.26 16:39:17.054,6.68484,6.68718,1.50,1.50
2012.03.26 16:39:26.440,6.68494,6.68718,1.50,1.50
2012.03.26 16:39:31.246,6.68494,6.68718,1.50,1.50
2012.03.26 16:39:35.427,6.68481,6.68718,1.13,1.50
2012.03.26 16:39:35.988,6.68493,6.68673,1.50,2.25
2012.03.26 16:39:38.185,6.68493,6.68673,1.50,2.25
2012.03.26 16:39:38.612,6.68493,6.68673,2.25,2.25
2012.03.26 16:39:40.401,6.68494,6.68673,1.50,1.50
2012.03.26 16:39:45.462,6.68493,6.68673,2.25,1.88
2012.03.26 16:39:45.829,6.68478,6.6865,1.13,2.25
2012.03.26 16:39:46.229,6.68469,6.6865,2.25,2.25
2012.03.26 16:39:46.938,6.68469,6.6865,2.25,1.50
2012.03.26 16:39:47.518,6.68497,6.68673,1.50,2.25
2012.03.26 16:39:47.665,6.68497,6.68679,2.25,2.25
2012.03.26 16:39:48.811,6.68497,6.68679,2.25,2.25
2012.03.26 16:39:53.651,6.68497,6.68679,2.25,2.25
2012.03.26 16:39:56.673,6.68497,6.68679,2.25,2.25
2012.03.26 16:39:59.622,6.68497,6.68679,2.25,2.25
2012.03.26 16:40:00.474,6.68509,6.68679,1.13,2.25
2012.03.26 16:40:00.546,6.68513,6.68679,1.50,1.50
2012.03.26 16:40:01.643,6.68526,6.68706,1.50,2.25
2012.03.26 16:40:01.845,6.68526,6.68706,2.25,1.88
2012.03.26 16:40:02.214,6.68526,6.68706,1.88,2.25
2012.03.26 16:40:02.532,6.68526,6.68706,1.50,2.25
2012.03.26 16:40:02.598,6.68501,6.68681,1.88,2.25
2012.03.26 16:40:03.806,6.68499,6.68681,1.50,2.25
2012.03.26 16:40:05.934,6.68499,6.68681,1.88,2.25
2012.03.26 16:40:07.511,6.68499,6.68681,1.50,2.25
2012.03.26 16:40:07.786,6.68467,6.68648,1.50,2.25
2012.03.26 16:40:07.932,6.68448,6.68622,1.50,1.88
2012.03.26 16:40:08.966,6.68448,6.68622,1.50,1.50
2012.03.26 16:40:10.083,6.68448,6.68622,1.50,1.88
2012.03.26 16:40:10.461,6.68468,6.6865,1.50,2.25
2012.03.26 16:40:11.458,6.68468,6.6865,1.50,2.25
2012.03.26 16:40:12.630,6.68468,6.6865,1.88,2.25
2012.03.26 16:40:13.615,6.68495,6.68677,1.50,2.25
2012.03.26 16:40:13.898,6.68495,6.68677,2.25,2.25
2012.03.26 16:40:15.425,6.68495,6.68677,2.25,1.88
2012.03.26 16:40:17.005,6.68513,6.68677,1.50,1.50
2012.03.26 16:40:17.079,6.68522,6.68701,2.25,2.25
2012.03.26 16:40:17.218,6.68522,6.68701,1.50,2.25
2012.03.26 16:40:18.172,6.68494,6.68676,3.00,1.88
2012.03.26 16:40:26.906,6.68494,6.68676,3.00,2.25
2012.03.26 16:40:30.624,6.68494,6.68676,3.00,2.25
2012.03.26 16:40:31.213,6.68494,6.68672,1.50,1.50
2012.03.26 16:40:31.283,6.68471,6.68635,1.50,1.50
2012.03.26 16:40:31.353,6.68455,6.68635,2.25,1.50
2012.03.26 16:40:32.468,6.68455,6.68635,2.25,1.50
2012.03.26 16:40:35.607,6.68455,6.68635,2.25,1.50
2012.03.26 16:40:35.741,6.68455,6.68635,2.25,2.25
2012.03.26 16:40:37.175,6.68455,6.68635,2.25,2.25
2012.03.26 16:40:37.504,6.68483,6.68664,2.25,1.50
2012.03.26 16:40:37.722,6.68483,6.68665,2.25,1.50
2012.03.26 16:40:41.684,6.68483,6.68665,2.25,1.50
2012.03.26 16:40:42.566,6.68483,6.68665,2.25,1.50
2012.03.26 16:40:43.745,6.68483,6.68665,2.25,1.50
2012.03.26 16:40:44.728,6.68493,6.68665,1.13,1.50
2012.03.26 16:40:45.075,6.68603,6.68742,1.50,1.50
2012.03.26 16:40:45.144,6.68548,6.68733,1.50,1.50
2012.03.26 16:40:45.218,6.685,6.68701,1.50,2.25
2012.03.26 16:40:45.283,6.685,6.68701,1.50,1.50
2012.03.26 16:40:45.353,6.68507,6.68701,2.25,1.50
2012.03.26 16:40:45.793,6.68532,6.68732,1.50,2.25
2012.03.26 16:40:46.512,6.68552,6.6872,1.50,1.50
2012.03.26 16:40:46.957,6.68557,6.68732,1.50,2.25
2012.03.26 16:40:47.264,6.68582,6.68744,1.50,1.50
2012.03.26 16:40:47.342,6.68582,6.68744,1.50,1.50
2012.03.26 16:40:47.561,6.68537,6.68717,2.25,1.50
2012.03.26 16:40:48.831,6.68537,6.68717,2.25,1.50
2012.03.26 16:40:49.080,6.68537,6.68717,1.50,2.63
2012.03.26 16:40:49.151,6.68555,6.68717,1.50,2.63
2012.03.26 16:40:49.551,6.6858,6.68717,1.50,1.13
2012.03.26 16:40:51.966,6.6858,6.6876,1.50,2.25
2012.03.26 16:40:52.035,6.6858,6.6876,2.25,2.25
2012.03.26 16:40:52.180,6.6858,6.6876,2.25,1.50
2012.03.26 16:40:52.329,6.68616,6.6879,2.25,1.50
2012.03.26 16:40:55.343,6.68616,6.6879,2.25,1.50
2012.03.26 16:40:55.747,6.68616,6.6879,2.25,1.50
2012.03.26 16:40:56.181,6.68616,6.6879,1.50,1.50
2012.03.26 16:40:56.252,6.68616,6.68744,1.50,1.35
2012.03.26 16:40:56.381,6.68577,6.68713,1.50,2.25
2012.03.26 16:40:56.454,6.68509,6.68689,1.50,1.50
2012.03.26 16:40:56.704,6.68509,6.68689,2.25,1.50
2012.03.26 16:40:57.143,6.68509,6.68689,1.50,1.50
2012.03.26 16:40:57.435,6.68509,6.68689,2.25,1.50
2012.03.26 16:40:57.751,6.68575,6.68757,1.50,2.25
2012.03.26 16:41:01.686,6.68603,6.68782,1.50,1.50
2012.03.26 16:41:04.012,6.68603,6.68783,1.50,3.00
2012.03.26 16:41:04.141,6.68548,6.68728,1.50,2.25
2012.03.26 16:41:12.449,6.68548,6.68728,2.25,2.25
2012.03.26 16:41:12.645,6.68572,6.68742,1.50,1.50
2012.03.26 16:41:15.896,6.68572,6.68753,2.25,2.25
2012.03.26 16:41:21.202,6.68572,6.68753,2.25,2.25
2012.03.26 16:41:21.300,6.68572,6.68753,2.25,2.25
2012.03.26 16:41:21.625,6.68572,6.68753,2.25,1.50
2012.03.26 16:41:25.208,6.68572,6.68753,1.50,1.50
2012.03.26 16:41:35.448,6.68572,6.68753,2.25,1.50
2012.03.26 16:41:38.355,6.68572,6.68753,2.25,1.50
2012.03.26 16:41:39.962,6.68572,6.68753,1.50,1.50
2012.03.26 16:41:40.761,6.68572,6.68753,2.25,1.50
2012.03.26 16:41:41.426,6.68572,6.68753,2.25,2.25
2012.03.26 16:41:41.551,6.68572,6.68753,1.50,2.25
2012.03.26 16:41:44.065,6.68572,6.68753,2.25,2.25
2012.03.26 16:41:44.682,6.68572,6.68753,1.50,2.25
2012.03.26 16:41:45.219,6.68572,6.68753,2.25,2.25
2012.03.26 16:41:45.998,6.68572,6.68753,1.50,2.25
2012.03.26 16:41:46.547,6.68572,6.68753,1.50,2.25
2012.03.26 16:41:47.153,6.68572,6.68753,1.50,2.25
2012.03.26 16:41:47.256,6.68572,6.68753,2.25,2.25
2012.03.26 16:41:47.386,6.68572,6.68753,1.50,2.25
2012.03.26 16:41:49.356,6.68572,6.68753,2.25,2.25
2012.03.26 16:41:49.581,6.68577,6.68753,1.50,1.88
2012.03.26 16:41:49.661,6.68595,6.68765,2.25,1.50
2012.03.26 16:41:49.995,6.68622,6.68802,1.50,3.00
2012.03.26 16:41:50.827,6.68622,6.68802,1.50,2.25
2012.03.26 16:41:51.045,6.68622,6.68802,2.25,2.25
2012.03.26 16:41:52.192,6.68622,6.68802,2.25,2.25
2012.03.26 16:41:52.266,6.68622,6.68802,1.50,2.25
2012.03.26 16:41:52.453,6.68622,6.688,2.25,1.50
2012.03.26 16:41:53.011,6.68622,6.688,1.50,1.50
2012.03.26 16:41:54.943,6.68622,6.688,2.25,1.50
2012.03.26 16:41:55.164,6.68622,6.688,1.50,1.50
2012.03.26 16:41:58.633,6.68622,6.688,1.50,1.50
2012.03.26 16:42:00.229,6.68622,6.688,1.50,1.50
2012.03.26 16:42:02.335,6.68622,6.688,1.50,1.50
2012.03.26 16:42:05.904,6.68622,6.688,1.50,1.50
2012.03.26 16:42:13.402,6.68622,6.68802,1.50,2.25
2012.03.26 16:42:13.652,6.68622,6.68802,1.50,1.50
2012.03.26 16:42:13.721,6.68624,6.68802,1.50,1.50
2012.03.26 16:42:16.979,6.68622,6.68802,1.50,1.50
2012.03.26 16:42:17.065,6.68602,6.68775,1.50,1.50
2012.03.26 16:42:19.363,6.68614,6.68775,1.50,1.50
2012.03.26 16:42:19.440,6.68623,6.688,1.50,1.50
2012.03.26 16:42:19.514,6.68623,6.68802,1.50,1.50
2012.03.26 16:42:19.716,6.68604,6.68778,1.50,1.50
2012.03.26 16:42:21.087,6.68623,6.68801,1.50,1.50
2012.03.26 16:42:21.156,6.68623,6.68805,1.50,1.50
2012.03.26 16:42:22.181,6.68623,6.68805,2.25,2.25
2012.03.26 16:42:23.305,6.68623,6.68805,1.50,2.25
2012.03.26 16:42:23.691,6.68622,6.68802,2.25,1.50
2012.03.26 16:42:25.239,6.68622,6.68802,1.50,2.25
2012.03.26 16:42:25.565,6.68597,6.6877,2.25,1.50
2012.03.26 16:42:26.755,6.68594,6.6877,1.50,1.50
2012.03.26 16:42:27.563,6.68617,6.68794,1.50,2.25
2012.03.26 16:42:28.464,6.68617,6.68797,1.50,2.25
2012.03.26 16:42:28.913,6.68617,6.68797,2.25,2.25
2012.03.26 16:42:29.675,6.68617,6.68797,1.50,2.25
2012.03.26 16:42:29.946,6.68617,6.68797,2.25,2.25
2012.03.26 16:42:31.162,6.68617,6.68797,2.25,2.25
2012.03.26 16:42:31.513,6.68617,6.68797,2.25,1.50
2012.03.26 16:42:31.846,6.68619,6.68797,1.50,1.50
2012.03.26 16:42:35.406,6.68623,6.68797,1.50,1.50
2012.03.26 16:42:35.883,6.68643,6.68825,1.88,2.25
2012.03.26 16:42:38.097,6.68643,6.68825,1.88,2.25
2012.03.26 16:42:40.587,6.68643,6.68825,1.88,2.25
2012.03.26 16:42:41.715,6.68643,6.68825,2.25,2.25
2012.03.26 16:42:44.252,6.68643,6.68825,2.25,2.25
2012.03.26 16:42:46.607,6.68652,6.68825,1.13,2.25
2012.03.26 16:42:48.666,6.68646,6.68825,1.13,2.25
2012.03.26 16:42:49.244,6.68643,6.68825,1.88,2.25
2012.03.26 16:42:50.826,6.68643,6.68825,2.25,2.25
2012.03.26 16:42:51.644,6.68644,6.68825,1.50,1.50
2012.03.26 16:42:53.965,6.68654,6.68825,1.13,2.25
2012.03.26 16:42:55.213,6.68654,6.68825,1.13,2.25
2012.03.26 16:42:56.597,6.68654,6.68825,1.50,1.88
2012.03.26 16:42:57.641,6.68643,6.68825,3.00,1.88
2012.03.26 16:42:59.557,6.68654,6.68825,1.50,1.88
2012.03.26 16:43:01.324,6.68654,6.68825,1.50,1.88
2012.03.26 16:43:09.373,6.68654,6.68825,1.50,1.88
2012.03.26 16:43:13.660,6.6867,6.68848,2.25,2.25
2012.03.26 16:43:13.741,6.68684,6.68851,1.50,1.50
2012.03.26 16:43:15.744,6.68684,6.68851,1.50,1.50
2012.03.26 16:43:15.976,6.68698,6.68875,2.25,2.25
2012.03.26 16:43:16.948,6.68698,6.68878,2.25,2.25
2012.03.26 16:43:18.015,6.68698,6.68878,2.25,2.25
2012.03.26 16:43:19.107,6.68698,6.68878,1.88,2.25
2012.03.26 16:43:19.947,6.68701,6.68878,1.13,2.25
2012.03.26 16:43:20.133,6.68713,6.68878,1.13,1.88
2012.03.26 16:43:23.846,6.68713,6.68878,1.13,1.88
2012.03.26 16:43:25.479,6.68698,6.68878,1.50,2.25
2012.03.26 16:43:25.971,6.68693,6.68849,1.13,1.50
2012.03.26 16:43:26.494,6.68694,6.68849,1.13,1.50
2012.03.26 16:43:27.617,6.68696,6.68875,1.50,2.25
2012.03.26 16:43:27.682,6.68696,6.68875,2.25,2.25
2012.03.26 16:43:29.217,6.68696,6.68875,2.25,2.25
2012.03.26 16:43:31.381,6.68696,6.68875,2.25,1.88
2012.03.26 16:43:34.504,6.68704,6.68875,1.50,1.88
2012.03.26 16:43:37.373,6.68704,6.68875,1.50,1.88
2012.03.26 16:43:38.368,6.68704,6.68875,1.50,1.88
2012.03.26 16:43:44.866,6.68704,6.68875,1.50,1.88
2012.03.26 16:43:48.723,6.68704,6.68875,1.50,2.25
2012.03.26 16:43:49.049,6.68696,6.68875,1.50,2.25
2012.03.26 16:43:49.536,6.68688,6.68845,1.13,1.50
2012.03.26 16:43:52.479,6.68693,6.68845,1.13,1.50
2012.03.26 16:43:53.427,6.68693,6.6887,1.13,2.25
2012.03.26 16:43:53.841,6.68692,6.68872,1.13,2.25
2012.03.26 16:43:55.811,6.68692,6.68846,1.13,1.50
2012.03.26 16:43:56.866,6.68693,6.68846,1.13,1.50
2012.03.26 16:43:57.178,6.68693,6.68872,1.13,2.25
2012.03.26 16:43:58.018,6.68693,6.68872,1.50,2.25
2012.03.26 16:44:04.245,6.68715,6.68897,1.50,3.75
2012.03.26 16:44:05.970,6.68715,6.68897,1.50,2.25
2012.03.26 16:44:08.975,6.68715,6.68897,1.50,2.25
2012.03.26 16:44:13.956,6.68715,6.68897,1.50,2.25
2012.03.26 16:44:15.013,6.68715,6.68897,2.25,2.25
2012.03.26 16:44:15.356,6.68715,6.68897,2.25,2.25
2012.03.26 16:44:15.863,6.68715,6.68897,2.25,2.25
2012.03.26 16:44:20.892,6.68715,6.68897,2.25,2.25
2012.03.26 16:44:23.622,6.68706,6.68904,1.13,2.25
2012.03.26 16:44:26.496,6.68708,6.68904,1.13,2.25
2012.03.26 16:44:27.532,6.6871,6.68904,1.13,2.25
2012.03.26 16:44:38.234,6.68708,6.68904,1.13,2.25
2012.03.26 16:44:42.351,6.68706,6.68904,1.13,2.25
2012.03.26 16:44:45.921,6.68709,6.68904,1.13,2.25
2012.03.26 16:44:46.254,6.68709,6.68904,1.13,2.25
2012.03.26 16:44:46.730,6.68688,6.68904,2.25,2.25
2012.03.26 16:44:46.875,6.68688,6.68877,2.25,1.50
2012.03.26 16:44:47.020,6.68688,6.68877,2.25,1.50
2012.03.26 16:44:49.621,6.68644,6.68852,2.25,1.50
2012.03.26 16:44:49.697,6.68644,6.68852,2.25,1.50
2012.03.26 16:44:50.699,6.68643,6.68848,1.13,2.25
2012.03.26 16:44:51.550,6.68659,6.68848,1.13,2.25
2012.03.26 16:44:51.626,6.68659,6.68848,1.13,2.25
2012.03.26 16:44:52.024,6.68659,6.68865,1.13,1.50
2012.03.26 16:44:52.856,6.68659,6.68865,1.13,1.50
2012.03.26 16:44:55.653,6.6866,6.68865,1.13,1.50
2012.03.26 16:44:56.950,6.68667,6.68865,1.13,1.50
2012.03.26 16:44:57.709,6.68667,6.68865,1.13,1.50
2012.03.26 16:44:59.212,6.68661,6.68876,1.13,2.25
2012.03.26 16:45:00.393,6.68662,6.68876,1.13,2.25
2012.03.26 16:45:00.667,6.68684,6.68876,1.13,2.25
2012.03.26 16:45:01.164,6.68703,6.68876,1.13,2.25
2012.03.26 16:45:01.240,6.68703,6.68876,1.13,2.25
2012.03.26 16:45:02.188,6.68703,6.68902,1.13,2.25
2012.03.26 16:45:02.258,6.68705,6.68902,1.13,2.25
2012.03.26 16:45:04.021,6.687,6.68902,1.13,2.25
2012.03.26 16:45:05.316,6.68687,6.68902,2.25,2.25
2012.03.26 16:45:05.388,6.68676,6.68872,1.13,2.25
2012.03.26 16:45:05.530,6.68661,6.68872,1.13,2.25
2012.03.26 16:45:07.323,6.68664,6.68872,1.13,2.25
2012.03.26 16:45:12.801,6.68676,6.68872,1.13,2.25
2012.03.26 16:45:14.893,6.68677,6.68872,1.13,2.25
2012.03.26 16:45:16.053,6.68676,6.68872,1.13,2.25
2012.03.26 16:45:16.192,6.68676,6.68872,1.13,2.25
2012.03.26 16:45:16.351,6.68718,6.68915,1.13,1.50
2012.03.26 16:45:16.427,6.68718,6.68915,1.13,1.50
2012.03.26 16:45:16.493,6.68704,6.68915,1.13,1.50
2012.03.26 16:45:17.436,6.68703,6.6889,1.13,2.25
2012.03.26 16:45:18.456,6.68708,6.6889,1.13,2.25
2012.03.26 16:45:22.852,6.68707,6.68915,1.13,3.00
2012.03.26 16:45:28.134,6.68722,6.68891,1.13,2.25
2012.03.26 16:45:29.698,6.68718,6.68915,1.13,1.50
2012.03.26 16:45:30.020,6.68686,6.68865,1.13,2.25
2012.03.26 16:45:30.656,6.68672,6.68865,1.13,2.25
2012.03.26 16:45:33.046,6.68671,6.68865,1.13,2.25
2012.03.26 16:45:34.132,6.68682,6.68865,1.13,2.25
2012.03.26 16:45:55.431,6.68649,6.68865,2.25,2.25
2012.03.26 16:45:55.501,6.68649,6.68845,2.25,1.50
2012.03.26 16:45:56.495,6.68649,6.68845,2.25,1.50
2012.03.26 16:45:57.556,6.68649,6.68845,2.25,1.50
2012.03.26 16:45:58.676,6.68649,6.68845,2.25,1.50
2012.03.26 16:46:00.592,6.68649,6.68845,2.63,1.50
2012.03.26 16:46:02.340,6.68652,6.68845,1.13,1.50
2012.03.26 16:46:03.732,6.68685,6.6886,1.13,1.50
2012.03.26 16:46:04.845,6.68687,6.68865,1.13,2.25
2012.03.26 16:46:05.944,6.687,6.68865,1.13,1.88
2012.03.26 16:46:06.077,6.687,6.68878,1.13,1.50
2012.03.26 16:46:06.443,6.68715,6.68919,1.13,3.00
2012.03.26 16:46:10.211,6.68715,6.68919,1.13,3.00
2012.03.26 16:46:10.456,6.68729,6.68919,1.13,3.00
2012.03.26 16:46:11.225,6.68729,6.68919,1.13,3.00
2012.03.26 16:46:11.903,6.68732,6.68919,1.13,3.00
2012.03.26 16:46:12.197,6.68732,6.68919,1.13,3.00
2012.03.26 16:46:15.962,6.68757,6.68919,1.13,1.88
2012.03.26 16:46:16.470,6.68757,6.68966,2.63,1.50
2012.03.26 16:46:16.955,6.68757,6.68966,2.63,1.50
2012.03.26 16:46:17.045,6.68752,6.68945,1.13,2.25
2012.03.26 16:46:17.479,6.68752,6.68945,1.13,2.25
2012.03.26 16:46:17.989,6.68755,6.68945,1.13,2.25
2012.03.26 16:46:18.176,6.68755,6.68945,1.13,2.25
2012.03.26 16:46:19.559,6.68734,6.68945,1.13,2.25
2012.03.26 16:46:19.755,6.68734,6.68945,1.13,2.25
2012.03.26 16:46:20.297,6.68734,6.68919,1.13,2.25
2012.03.26 16:46:20.951,6.6874,6.68919,1.13,2.25
2012.03.26 16:46:23.648,6.68727,6.68919,1.13,2.25
2012.03.26 16:46:25.089,6.68733,6.68919,1.13,2.25
2012.03.26 16:46:27.335,6.6873,6.68919,1.13,2.25
2012.03.26 16:46:31.354,6.68721,6.68919,1.13,2.25
2012.03.26 16:46:31.922,6.68703,6.68919,2.25,2.25
2012.03.26 16:46:34.984,6.68667,6.68857,1.13,2.25
2012.03.26 16:46:35.374,6.68667,6.68857,1.13,2.25
2012.03.26 16:46:37.311,6.6866,6.68857,1.13,2.25
2012.03.26 16:46:39.523,6.68665,6.68857,1.13,2.25
2012.03.26 16:46:43.053,6.68668,6.68857,1.13,2.25
2012.03.26 16:46:48.941,6.68665,6.68857,1.13,2.25
2012.03.26 16:46:51.384,6.68673,6.68857,1.13,2.25
2012.03.26 16:46:53.542,6.68696,6.6888,1.13,2.25
2012.03.26 16:46:58.785,6.68692,6.6888,1.13,2.25
2012.03.26 16:46:59.448,6.68692,6.6888,1.13,2.25
2012.03.26 16:46:59.950,6.68703,6.68896,2.25,1.50
2012.03.26 16:47:00.147,6.68703,6.68896,2.25,1.50
2012.03.26 16:47:00.214,6.68703,6.68896,2.25,1.50
2012.03.26 16:47:02.677,6.68692,6.68894,1.50,2.25
2012.03.26 16:47:06.575,6.68692,6.68894,1.50,2.25
2012.03.26 16:47:07.576,6.68692,6.68894,1.50,2.25
2012.03.26 16:47:12.365,6.68692,6.68894,1.50,2.25
2012.03.26 16:47:16.961,6.68692,6.68885,1.50,1.50
2012.03.26 16:47:17.031,6.68692,6.68885,1.50,1.50
2012.03.26 16:47:18.773,6.68679,6.68873,2.25,1.50
2012.03.26 16:47:21.416,6.68663,6.68869,1.13,2.25
2012.03.26 16:47:21.487,6.68663,6.68869,1.13,2.25
2012.03.26 16:47:21.772,6.68663,6.68869,1.13,2.25
2012.03.26 16:47:22.419,6.68621,6.68836,2.25,2.25
2012.03.26 16:47:22.701,6.68621,6.68822,2.25,1.50
2012.03.26 16:47:23.260,6.68621,6.68822,2.25,1.50
2012.03.26 16:47:24.385,6.68621,6.68822,2.25,1.50
2012.03.26 16:47:25.373,6.68621,6.68822,2.25,1.50
2012.03.26 16:47:26.256,6.68611,6.68812,1.13,2.25
2012.03.26 16:47:26.754,6.68603,6.68812,1.13,2.25
2012.03.26 16:47:29.869,6.68603,6.68812,1.13,2.25
2012.03.26 16:47:30.086,6.6857,6.68777,1.13,1.50
2012.03.26 16:47:30.770,6.6857,6.68777,1.13,1.50
2012.03.26 16:47:30.915,6.68569,6.68777,2.25,1.50
2012.03.26 16:47:33.333,6.68569,6.68777,2.25,1.50
2012.03.26 16:47:33.591,6.68569,6.68777,2.25,1.50
2012.03.26 16:47:33.889,6.68607,6.68777,1.13,1.50
2012.03.26 16:47:34.021,6.68607,6.68777,1.13,1.50
2012.03.26 16:47:34.378,6.68607,6.68814,1.13,2.25
2012.03.26 16:47:37.928,6.68614,6.68814,1.13,2.25
2012.03.26 16:47:39.898,6.68614,6.68814,1.13,2.25
2012.03.26 16:47:40.291,6.68616,6.68814,1.13,2.25
2012.03.26 16:47:41.494,6.68622,6.68817,2.25,1.50
2012.03.26 16:47:50.173,6.68665,6.68833,1.13,1.50
2012.03.26 16:47:50.248,6.68665,6.68837,1.13,2.25
2012.03.26 16:47:53.075,6.6866,6.68868,2.25,1.50
2012.03.26 16:47:54.185,6.68663,6.68868,1.13,1.50
2012.03.26 16:47:57.049,6.68666,6.68868,1.13,1.50
2012.03.26 16:48:02.665,6.68662,6.68868,1.13,1.50
2012.03.26 16:48:05.046,6.68661,6.68868,1.13,1.50
2012.03.26 16:48:06.457,6.68692,6.68868,1.13,1.50
2012.03.26 16:48:06.777,6.68692,6.68893,1.13,1.50
2012.03.26 16:48:07.791,6.6869,6.68893,1.13,1.50
2012.03.26 16:48:08.420,6.6869,6.68893,1.13,1.50
2012.03.26 16:48:10.936,6.68692,6.68893,1.13,1.50
2012.03.26 16:48:12.215,6.68697,6.68893,1.13,1.50
2012.03.26 16:48:12.313,6.68697,6.68893,1.13,1.50
2012.03.26 16:48:12.922,6.68697,6.68893,1.13,1.50
2012.03.26 16:48:13.273,6.68689,6.68893,1.13,1.50
2012.03.26 16:48:14.951,6.68688,6.68893,2.25,1.50
2012.03.26 16:48:15.735,6.68688,6.68893,2.25,1.50
2012.03.26 16:48:16.265,6.68688,6.68893,2.25,1.50
2012.03.26 16:48:16.336,6.68709,6.68893,1.13,1.50
2012.03.26 16:48:16.845,6.68713,6.68908,2.25,1.50
2012.03.26 16:48:17.075,6.68713,6.68908,2.25,1.50
2012.03.26 16:48:17.208,6.68686,6.68902,3.38,2.25
2012.03.26 16:48:19.249,6.68686,6.68885,2.25,1.50
2012.03.26 16:48:20.763,6.68686,6.68885,2.25,1.50
2012.03.26 16:48:21.303,6.68686,6.68885,2.25,1.50
2012.03.26 16:48:21.376,6.68686,6.68885,2.25,1.50
2012.03.26 16:48:21.684,6.68686,6.68885,2.25,1.50
2012.03.26 16:48:24.466,6.68686,6.68885,2.25,1.50
2012.03.26 16:48:25.778,6.68687,6.68885,1.13,1.50
2012.03.26 16:48:29.391,6.68686,6.68885,2.25,1.50
2012.03.26 16:48:32.179,6.68686,6.68885,2.25,1.50
2012.03.26 16:48:32.618,6.68686,6.68885,2.25,1.50
2012.03.26 16:48:37.846,6.68687,6.68885,1.88,1.50
2012.03.26 16:48:37.915,6.68718,6.68885,1.13,1.50
2012.03.26 16:48:37.988,6.68718,6.68885,1.13,1.50
2012.03.26 16:48:38.299,6.68718,6.68913,1.13,1.50
2012.03.26 16:48:38.996,6.68713,6.68913,2.25,1.50
2012.03.26 16:48:39.066,6.68713,6.68913,2.25,1.50
2012.03.26 16:48:39.212,6.68725,6.68898,1.13,1.50
2012.03.26 16:48:39.287,6.68725,6.68898,1.13,1.50
2012.03.26 16:48:40.243,6.68718,6.68923,2.25,1.50
2012.03.26 16:48:46.064,6.68719,6.68923,1.13,1.50
2012.03.26 16:48:47.040,6.68721,6.68923,1.13,1.50
2012.03.26 16:48:47.835,6.68737,6.68923,1.50,1.50
2012.03.26 16:48:48.109,6.68788,6.68933,1.50,2.25
2012.03.26 16:48:48.264,6.68777,6.68933,1.50,1.88
