2017.01.10 12:00:00.464,9.03277,9.03416,1.00,1.00
2017.01.10 12:00:01.165,9.0327,9.0341,1.00,1.00
2017.01.10 12:00:01.468,9.03266,9.03404,1.00,1.00
2017.01.10 12:00:02.557,9.03273,9.03412,1.00,1.00
2017.01.10 12:00:02.684,9.03278,9.03417,1.00,1.00
2017.01.10 12:00:03.656,9.03289,9.03428,1.00,1.00
2017.01.10 12:00:03.884,9.03293,9.03433,1.00,1.00
2017.01.10 12:00:03.985,9.0331,9.03454,1.00,1.00
2017.01.10 12:00:04.036,9.03332,9.03472,1.00,1.50
2017.01.10 12:00:05.040,9.03333,9.03472,1.00,1.00
2017.01.10 12:00:05.877,9.03354,9.03493,1.00,1.00
2017.01.10 12:00:06.183,9.03368,9.03507,1.00,1.00
2017.01.10 12:00:06.910,9.03364,9.03502,1.00,1.00
2017.01.10 12:00:07.382,9.03371,9.03509,1.00,1.00
2017.01.10 12:00:07.917,9.03381,9.03521,1.00,1.00
2017.01.10 12:00:09.704,9.03379,9.03537,1.00,1.00
2017.01.10 12:00:09.755,9.0341,9.03549,1.00,1.00
2017.01.10 12:00:10.086,9.0342,9.03559,1.00,1.00
2017.01.10 12:00:11.070,9.03405,9.03544,1.00,1.00
2017.01.10 12:00:11.340,9.0339,9.03544,1.00,1.00
2017.01.10 12:00:11.391,9.03363,9.03502,1.00,1.00
2017.01.10 12:00:11.835,9.03379,9.03519,1.00,1.00
2017.01.10 12:00:11.887,9.03394,9.03534,1.00,1.00
2017.01.10 12:00:12.191,9.03377,9.03516,1.00,1.00
2017.01.10 12:00:12.494,9.03363,9.03502,1.00,1.00
2017.01.10 12:00:13.322,9.03359,9.03498,1.00,1.00
2017.01.10 12:00:13.805,9.03355,9.03527,1.00,1.00
2017.01.10 12:00:13.906,9.03399,9.03538,1.00,1.00
2017.01.10 12:00:14.489,9.0339,9.03527,1.00,1.00
2017.01.10 12:00:14.539,9.03376,9.03526,1.00,1.00
2017.01.10 12:00:14.641,9.03405,9.03544,1.00,1.00
2017.01.10 12:00:15.619,9.03407,9.03546,1.00,1.00
2017.01.10 12:00:15.961,9.03435,9.03574,1.00,1.00
2017.01.10 12:00:16.294,9.03449,9.03588,1.00,1.00
2017.01.10 12:00:16.725,9.03473,9.03627,1.00,1.00
2017.01.10 12:00:16.777,9.03493,9.03627,1.00,1.00
2017.01.10 12:00:16.828,9.03493,9.0363,1.00,1.00
2017.01.10 12:00:16.879,9.03513,9.0363,1.37,1.00
2017.01.10 12:00:17.031,9.03536,9.0372,1.00,1.00
2017.01.10 12:00:17.132,9.03536,9.03752,1.00,1.00
2017.01.10 12:00:17.233,9.03536,9.03749,1.00,2.25
2017.01.10 12:00:17.579,9.03567,9.03721,1.00,1.00
2017.01.10 12:00:17.922,9.0356,9.03714,1.00,1.00
2017.01.10 12:00:17.973,9.03566,9.03721,1.00,1.00
2017.01.10 12:00:18.988,9.03565,9.0372,1.00,1.00
2017.01.10 12:00:19.430,9.03578,9.03732,1.00,1.00
2017.01.10 12:00:20.277,9.03563,9.03717,1.00,1.00
2017.01.10 12:00:20.654,9.0357,9.03723,1.00,1.00
2017.01.10 12:00:21.490,9.03603,9.03757,1.00,1.00
2017.01.10 12:00:21.541,9.03619,9.03774,1.00,1.50
2017.01.10 12:00:21.945,9.03647,9.03801,1.00,1.00
2017.01.10 12:00:22.148,9.03666,9.03821,1.00,1.00
2017.01.10 12:00:22.250,9.03695,9.0385,1.00,1.00
2017.01.10 12:00:22.592,9.03677,9.03832,1.00,1.00
2017.01.10 12:00:22.917,9.03688,9.03842,1.00,1.00
2017.01.10 12:00:23.376,9.03705,9.03859,1.00,1.00
2017.01.10 12:00:23.630,9.03697,9.03855,1.00,1.00
2017.01.10 12:00:24.373,9.03692,9.0385,1.00,1.00
2017.01.10 12:00:24.720,9.03702,9.0386,1.00,1.00
2017.01.10 12:00:25.037,9.03669,9.03825,1.00,1.00
2017.01.10 12:00:25.579,9.03658,9.03817,1.00,1.00
2017.01.10 12:00:26.571,9.03657,9.03815,1.00,1.00
2017.01.10 12:00:27.006,9.03676,9.03835,1.00,1.00
2017.01.10 12:00:27.107,9.03649,9.03875,1.00,1.00
2017.01.10 12:00:27.259,9.0365,9.03875,1.37,1.00
2017.01.10 12:00:27.360,9.03717,9.03945,1.00,2.10
2017.01.10 12:00:27.511,9.03738,9.03893,1.00,1.00
2017.01.10 12:00:27.827,9.03721,9.03875,1.00,1.00
2017.01.10 12:00:28.141,9.03717,9.03866,1.00,1.00
2017.01.10 12:00:28.603,9.03717,9.03871,1.50,1.00
2017.01.10 12:00:29.145,9.03717,9.03902,1.50,1.00
2017.01.10 12:00:29.421,9.03717,9.03894,1.00,1.00
2017.01.10 12:00:29.724,9.03717,9.0384,1.00,1.00
2017.01.10 12:00:29.775,9.03636,9.03811,1.00,1.00
2017.01.10 12:00:29.927,9.03639,9.03792,1.00,1.00
2017.01.10 12:00:30.271,9.03612,9.03764,1.00,1.00
2017.01.10 12:00:30.898,9.03623,9.03777,1.00,1.00
2017.01.10 12:00:31.216,9.03614,9.03769,1.00,1.00
2017.01.10 12:00:31.318,9.03608,9.03762,1.00,1.00
2017.01.10 12:00:31.708,9.03619,9.03773,1.00,1.00
2017.01.10 12:00:32.013,9.0363,9.03782,1.00,1.00
2017.01.10 12:00:32.683,9.03637,9.03791,1.00,1.00
2017.01.10 12:00:32.936,9.03641,9.03796,1.00,1.00
2017.01.10 12:00:33.238,9.03661,9.03806,1.00,1.00
2017.01.10 12:00:33.454,9.03651,9.03806,1.00,1.00
2017.01.10 12:00:33.847,9.03641,9.03796,1.00,1.00
2017.01.10 12:00:34.151,9.03603,9.03757,1.00,1.00
2017.01.10 12:00:34.486,9.0363,9.03784,1.00,1.00
2017.01.10 12:00:35.178,9.03617,9.03772,1.00,1.00
2017.01.10 12:00:35.228,9.03605,9.03759,1.00,1.00
2017.01.10 12:00:35.531,9.03662,9.03817,1.00,1.00
2017.01.10 12:00:36.518,9.03663,9.03818,1.00,1.00
2017.01.10 12:00:37.317,9.03663,9.03821,1.00,1.00
2017.01.10 12:00:37.739,9.03688,9.03846,1.00,1.00
2017.01.10 12:00:37.992,9.03733,9.03892,1.00,1.00
2017.01.10 12:00:38.714,9.03743,9.03901,1.00,1.50
2017.01.10 12:00:39.369,9.03757,9.03915,1.00,1.00
2017.01.10 12:00:39.682,9.03767,9.03925,1.00,1.00
2017.01.10 12:00:39.985,9.03781,9.03939,1.00,1.00
2017.01.10 12:00:40.403,9.03771,9.03929,1.00,1.00
2017.01.10 12:00:40.723,9.03818,9.03976,1.00,1.00
2017.01.10 12:00:41.033,9.038,9.03958,1.00,1.00
2017.01.10 12:00:41.365,9.03808,9.03963,1.00,1.00
2017.01.10 12:00:41.697,9.0378,9.03934,1.00,1.00
2017.01.10 12:00:42.019,9.0377,9.03924,1.00,1.00
2017.01.10 12:00:42.135,9.03797,9.03952,1.00,1.00
2017.01.10 12:00:42.186,9.03784,9.03938,1.00,1.00
2017.01.10 12:00:42.435,9.03767,9.03922,1.00,1.00
2017.01.10 12:00:43.326,9.03775,9.03929,1.00,1.00
2017.01.10 12:00:43.663,9.0375,9.03905,1.00,1.00
2017.01.10 12:00:43.714,9.03741,9.03891,1.00,1.00
2017.01.10 12:00:43.765,9.03737,9.03891,1.00,1.00
2017.01.10 12:00:44.460,9.03761,9.03916,1.00,1.00
2017.01.10 12:00:44.511,9.0375,9.03905,1.00,1.00
2017.01.10 12:00:44.865,9.03747,9.03901,1.00,1.00
2017.01.10 12:00:45.211,9.03756,9.03908,1.00,1.00
2017.01.10 12:00:45.520,9.03769,9.03921,1.00,1.00
2017.01.10 12:00:45.722,9.03777,9.03931,1.00,1.00
2017.01.10 12:00:46.339,9.0375,9.03904,1.00,1.00
2017.01.10 12:00:46.644,9.03741,9.03891,1.00,1.00
2017.01.10 12:00:46.695,9.03739,9.03891,1.00,1.00
2017.01.10 12:00:46.998,9.038,9.03936,1.00,1.00
2017.01.10 12:00:47.099,9.038,9.0395,1.00,1.00
2017.01.10 12:00:47.150,9.03778,9.0395,1.00,1.00
2017.01.10 12:00:47.201,9.03777,9.03936,1.00,1.00
2017.01.10 12:00:47.957,9.03758,9.03916,1.00,1.00
2017.01.10 12:00:48.260,9.03752,9.0391,1.00,1.00
2017.01.10 12:00:48.713,9.03742,9.03898,1.00,1.00
2017.01.10 12:00:49.225,9.03747,9.03905,1.00,1.00
2017.01.10 12:00:50.217,9.03727,9.03885,1.00,1.00
2017.01.10 12:00:50.542,9.03687,9.03846,1.00,1.00
2017.01.10 12:00:51.301,9.03695,9.03853,1.00,1.00
2017.01.10 12:00:51.611,9.03726,9.03884,1.00,1.00
2017.01.10 12:00:52.014,9.03705,9.03863,1.00,1.00
2017.01.10 12:00:52.389,9.03712,9.03868,1.00,1.00
2017.01.10 12:00:53.111,9.03701,9.03856,1.00,1.00
2017.01.10 12:00:53.162,9.03708,9.03866,1.00,1.00
2017.01.10 12:00:53.395,9.03701,9.03856,1.00,1.00
2017.01.10 12:00:54.348,9.03701,9.03846,1.00,1.00
2017.01.10 12:00:54.449,9.03688,9.03846,1.00,1.00
2017.01.10 12:00:54.562,9.03695,9.03853,1.00,1.00
2017.01.10 12:00:54.905,9.03723,9.03879,1.00,1.00
2017.01.10 12:00:55.165,9.03735,9.03893,1.00,1.00
2017.01.10 12:00:55.914,9.03746,9.03904,1.00,1.00
2017.01.10 12:00:57.225,9.03755,9.03894,1.00,1.00
2017.01.10 12:00:57.507,9.03747,9.03905,1.00,1.00
2017.01.10 12:00:58.167,9.03758,9.03897,1.00,1.00
2017.01.10 12:00:59.168,9.03754,9.03892,1.00,1.00
2017.01.10 12:00:59.845,9.03748,9.03888,1.00,1.00
2017.01.10 12:01:00.073,9.03738,9.03877,1.00,1.00
2017.01.10 12:01:00.174,9.03724,9.03864,1.00,1.00
2017.01.10 12:01:00.540,9.03713,9.03853,1.00,1.00
2017.01.10 12:01:00.844,9.03735,9.03874,1.00,1.00
2017.01.10 12:01:00.945,9.03709,9.03867,1.00,1.00
2017.01.10 12:01:00.996,9.03692,9.03846,1.00,1.00
2017.01.10 12:01:01.248,9.03675,9.03841,1.00,1.00
2017.01.10 12:01:01.451,9.03659,9.03825,1.00,1.00
2017.01.10 12:01:01.770,9.03639,9.03805,1.00,1.00
2017.01.10 12:01:02.074,9.03626,9.0378,1.00,1.00
2017.01.10 12:01:02.441,9.03636,9.03791,1.00,1.00
2017.01.10 12:01:02.652,9.03647,9.03784,1.00,1.00
2017.01.10 12:01:03.503,9.03655,9.03792,1.00,1.00
2017.01.10 12:01:03.896,9.0366,9.03798,1.00,1.00
2017.01.10 12:01:04.520,9.03652,9.03789,1.00,1.00
2017.01.10 12:01:04.635,9.03644,9.03782,1.00,1.00
2017.01.10 12:01:04.786,9.0366,9.03797,1.00,1.00
2017.01.10 12:01:05.090,9.03647,9.03784,1.00,1.00
2017.01.10 12:01:05.754,9.03642,9.03777,1.00,1.00
2017.01.10 12:01:06.356,9.03633,9.0377,1.00,1.00
2017.01.10 12:01:06.581,9.03644,9.03781,1.00,1.00
2017.01.10 12:01:07.122,9.03644,9.03782,1.00,1.00
2017.01.10 12:01:07.516,9.03658,9.03795,1.00,1.00
2017.01.10 12:01:07.866,9.03651,9.03788,1.00,1.00
2017.01.10 12:01:07.967,9.03654,9.03794,1.00,1.00
2017.01.10 12:01:08.018,9.03652,9.03794,1.00,1.00
2017.01.10 12:01:08.282,9.03663,9.03804,1.00,1.00
2017.01.10 12:01:08.585,9.03649,9.0379,1.00,1.00
2017.01.10 12:01:09.168,9.03635,9.03824,1.00,1.00
2017.01.10 12:01:09.219,9.03648,9.0379,1.00,1.00
2017.01.10 12:01:09.550,9.03636,9.03778,1.00,1.00
2017.01.10 12:01:10.178,9.03646,9.03787,1.00,1.00
2017.01.10 12:01:10.431,9.03614,9.03756,1.00,1.00
2017.01.10 12:01:11.273,9.03618,9.0376,1.00,1.00
2017.01.10 12:01:12.584,9.03619,9.0376,1.00,1.00
2017.01.10 12:01:12.984,9.03647,9.03789,1.00,1.00
2017.01.10 12:01:13.036,9.03619,9.03773,1.00,1.00
2017.01.10 12:01:13.087,9.03649,9.0379,1.00,1.00
2017.01.10 12:01:13.546,9.03632,9.03773,1.00,1.00
2017.01.10 12:01:13.876,9.03612,9.03751,1.00,1.00
2017.01.10 12:01:13.977,9.03619,9.0376,1.00,1.00
2017.01.10 12:01:15.014,9.03617,9.03758,1.00,1.00
2017.01.10 12:01:15.447,9.03622,9.03764,1.00,1.00
2017.01.10 12:01:16.014,9.03616,9.03758,1.00,1.00
2017.01.10 12:01:16.488,9.03622,9.03764,1.00,1.00
2017.01.10 12:01:18.282,9.03617,9.03758,1.00,1.00
2017.01.10 12:01:18.484,9.03611,9.03795,1.00,1.00
2017.01.10 12:01:18.535,9.03642,9.03798,1.00,1.00
2017.01.10 12:01:18.586,9.03637,9.03798,1.60,1.00
2017.01.10 12:01:18.637,9.03637,9.03798,1.00,1.00
2017.01.10 12:01:18.688,9.03683,9.03819,1.00,1.00
2017.01.10 12:01:18.846,9.03715,9.03877,1.00,1.00
2017.01.10 12:01:19.249,9.03735,9.03902,1.00,1.00
2017.01.10 12:01:19.300,9.03735,9.03918,1.00,1.00
2017.01.10 12:01:19.502,9.03758,9.03918,1.00,1.00
2017.01.10 12:01:19.603,9.03758,9.0392,1.00,1.00
2017.01.10 12:01:19.807,9.03737,9.0392,1.00,1.00
2017.01.10 12:01:19.858,9.03718,9.03913,1.00,1.00
2017.01.10 12:01:20.063,9.03708,9.03904,1.00,1.00
2017.01.10 12:01:20.164,9.03707,9.03893,1.00,1.00
2017.01.10 12:01:21.443,9.03713,9.03888,1.00,1.00
2017.01.10 12:01:21.494,9.03707,9.039,1.00,1.00
2017.01.10 12:01:21.546,9.03732,9.03926,1.00,1.00
2017.01.10 12:01:21.773,9.03719,9.03915,1.00,1.00
2017.01.10 12:01:21.823,9.03741,9.03898,1.00,1.00
2017.01.10 12:01:22.026,9.03724,9.03911,1.00,1.00
2017.01.10 12:01:22.128,9.03724,9.03919,1.00,1.00
2017.01.10 12:01:22.535,9.03734,9.03919,1.00,1.00
2017.01.10 12:01:22.587,9.03734,9.03929,1.00,1.00
2017.01.10 12:01:22.688,9.03744,9.03935,1.00,1.50
2017.01.10 12:01:23.054,9.03754,9.03929,1.00,1.00
2017.01.10 12:01:23.404,9.03749,9.03924,1.00,1.00
2017.01.10 12:01:24.112,9.03747,9.03923,1.00,1.00
2017.01.10 12:01:24.163,9.03774,9.03935,1.00,1.00
2017.01.10 12:01:24.214,9.03772,9.03935,1.00,1.00
2017.01.10 12:01:24.265,9.03789,9.03935,1.00,1.00
2017.01.10 12:01:24.315,9.03783,9.03953,1.00,1.00
2017.01.10 12:01:24.418,9.03784,9.03973,1.00,1.00
2017.01.10 12:01:24.519,9.03788,9.03963,1.00,1.00
2017.01.10 12:01:24.670,9.03784,9.03965,1.00,1.00
2017.01.10 12:01:24.836,9.03784,9.03946,1.00,1.00
2017.01.10 12:01:25.214,9.03788,9.03963,1.00,1.00
2017.01.10 12:01:26.207,9.03786,9.03961,1.00,1.00
2017.01.10 12:01:26.516,9.03768,9.03943,1.00,1.00
2017.01.10 12:01:26.820,9.0375,9.03925,1.50,1.00
2017.01.10 12:01:27.475,9.03751,9.03926,1.00,1.00
2017.01.10 12:01:28.009,9.03757,9.03932,1.00,1.00
2017.01.10 12:01:28.412,9.03767,9.03942,1.00,1.00
2017.01.10 12:01:28.774,9.03753,9.03928,1.00,1.00
2017.01.10 12:01:29.115,9.0375,9.03922,1.00,1.00
2017.01.10 12:01:29.646,9.0375,9.03909,1.00,1.00
2017.01.10 12:01:30.277,9.0375,9.03903,1.00,1.00
2017.01.10 12:01:30.608,9.03696,9.03858,1.00,1.00
2017.01.10 12:01:31.186,9.03681,9.03843,1.00,1.00
2017.01.10 12:01:31.865,9.03687,9.03871,1.00,1.00
2017.01.10 12:01:32.001,9.03698,9.03871,1.00,1.00
2017.01.10 12:01:32.305,9.03698,9.0386,1.00,1.00
2017.01.10 12:01:32.679,9.03695,9.03853,1.00,1.00
2017.01.10 12:01:32.903,9.03705,9.03864,1.00,1.00
2017.01.10 12:01:33.203,9.03717,9.03876,1.00,1.00
2017.01.10 12:01:33.586,9.03697,9.03857,1.00,1.00
2017.01.10 12:01:33.944,9.03678,9.03839,1.00,1.00
2017.01.10 12:01:34.045,9.03673,9.03827,1.00,1.00
2017.01.10 12:01:34.146,9.03653,9.03813,1.00,1.00
2017.01.10 12:01:34.606,9.03665,9.03823,1.00,1.00
2017.01.10 12:01:35.046,9.0367,9.03829,1.00,1.00
2017.01.10 12:01:35.918,9.03669,9.03831,1.00,1.00
2017.01.10 12:01:36.021,9.03681,9.03824,1.00,1.00
2017.01.10 12:01:36.988,9.03682,9.03825,1.00,1.00
2017.01.10 12:01:37.587,9.03681,9.03824,1.00,1.00
2017.01.10 12:01:37.835,9.03694,9.03839,1.00,1.00
2017.01.10 12:01:37.886,9.03704,9.03848,1.00,1.00
2017.01.10 12:01:38.246,9.0371,9.03853,1.00,1.00
2017.01.10 12:01:38.810,9.03698,9.03843,1.00,1.00
2017.01.10 12:01:38.911,9.0371,9.03853,1.00,1.00
2017.01.10 12:01:39.261,9.03684,9.03826,1.00,1.00
2017.01.10 12:01:39.568,9.03691,9.03832,1.00,1.00
2017.01.10 12:01:40.439,9.03696,9.03837,1.00,1.00
2017.01.10 12:01:40.660,9.03718,9.0386,1.00,1.00
2017.01.10 12:01:40.710,9.03731,9.03872,1.00,1.00
2017.01.10 12:01:41.014,9.03743,9.03882,1.00,1.00
2017.01.10 12:01:41.727,9.03748,9.03887,1.00,1.00
2017.01.10 12:01:42.659,9.03744,9.03885,1.00,1.00
2017.01.10 12:01:44.429,9.03751,9.03892,1.00,1.00
2017.01.10 12:01:45.463,9.03753,9.03895,1.00,1.00
2017.01.10 12:01:45.565,9.03748,9.03889,1.00,1.00
2017.01.10 12:01:45.617,9.03741,9.03883,1.00,1.00
2017.01.10 12:01:46.569,9.03736,9.03877,1.00,1.00
2017.01.10 12:01:49.661,9.03738,9.03879,1.00,1.00
2017.01.10 12:01:51.807,9.03743,9.03884,1.00,1.00
2017.01.10 12:01:52.149,9.0377,9.03909,1.00,1.00
2017.01.10 12:01:52.202,9.03802,9.03951,1.00,1.00
2017.01.10 12:01:52.771,9.03798,9.03927,1.00,1.00
2017.01.10 12:01:52.873,9.03786,9.03927,1.00,1.00
2017.01.10 12:01:53.808,9.0379,9.03931,1.00,1.00
2017.01.10 12:01:54.714,9.03798,9.03938,1.00,1.00
2017.01.10 12:01:54.765,9.038,9.03945,1.00,1.00
2017.01.10 12:01:55.402,9.03797,9.03939,1.00,1.00
2017.01.10 12:01:56.260,9.03814,9.03973,1.00,1.00
2017.01.10 12:01:56.311,9.0383,9.0399,1.00,1.00
2017.01.10 12:01:56.362,9.0383,9.03993,1.00,1.00
2017.01.10 12:01:56.463,9.03842,9.04006,1.00,1.00
2017.01.10 12:01:57.227,9.03831,9.03994,1.00,1.00
2017.01.10 12:01:57.531,9.03836,9.03999,1.00,1.00
2017.01.10 12:01:57.871,9.03849,9.0399,1.00,1.00
2017.01.10 12:01:58.539,9.03855,9.03994,1.00,1.00
2017.01.10 12:01:58.854,9.03858,9.03997,1.00,1.00
2017.01.10 12:01:59.495,9.03852,9.03991,1.00,1.00
2017.01.10 12:02:00.192,9.03859,9.03996,1.00,1.00
2017.01.10 12:02:01.312,9.03852,9.03991,1.00,1.00
2017.01.10 12:02:04.897,9.03839,9.03978,1.00,1.00
2017.01.10 12:02:05.205,9.03828,9.03965,1.00,1.00
2017.01.10 12:02:05.855,9.0382,9.03959,1.00,1.00
2017.01.10 12:02:06.439,9.03815,9.0398,1.00,1.00
2017.01.10 12:02:06.491,9.03842,9.03981,1.00,1.00
2017.01.10 12:02:06.694,9.03851,9.04022,1.00,1.00
2017.01.10 12:02:06.795,9.03887,9.04022,1.00,1.00
2017.01.10 12:02:06.997,9.03901,9.0404,1.00,1.00
2017.01.10 12:02:07.176,9.03944,9.04066,1.00,1.00
2017.01.10 12:02:07.227,9.03951,9.04089,1.00,1.00
2017.01.10 12:02:07.756,9.03961,9.04099,1.00,1.00
2017.01.10 12:02:08.138,9.0396,9.0412,1.00,1.00
2017.01.10 12:02:08.189,9.03981,9.04119,1.00,1.00
2017.01.10 12:02:08.492,9.0402,9.04143,1.00,1.00
2017.01.10 12:02:08.543,9.0402,9.04153,1.00,1.00
2017.01.10 12:02:08.798,9.04006,9.04143,1.00,1.00
2017.01.10 12:02:09.349,9.03998,9.04137,1.00,1.00
2017.01.10 12:02:09.682,9.04005,9.04145,1.00,1.00
2017.01.10 12:02:09.732,9.04029,9.04168,1.00,1.00
2017.01.10 12:02:10.318,9.04039,9.04179,1.00,1.00
2017.01.10 12:02:11.222,9.0405,9.04186,1.00,1.00
2017.01.10 12:02:11.323,9.04065,9.04206,1.00,1.00
2017.01.10 12:02:11.575,9.04063,9.04201,1.00,1.00
2017.01.10 12:02:12.058,9.04073,9.04216,1.00,1.00
2017.01.10 12:02:12.260,9.04106,9.04243,1.00,1.00
2017.01.10 12:02:12.311,9.04081,9.04237,1.00,1.00
2017.01.10 12:02:12.537,9.0408,9.04219,1.00,1.00
2017.01.10 12:02:12.588,9.04077,9.04229,1.00,1.00
2017.01.10 12:02:13.299,9.04087,9.04226,1.00,1.00
2017.01.10 12:02:13.451,9.04093,9.04249,1.00,1.00
2017.01.10 12:02:13.502,9.04104,9.04261,1.00,1.00
2017.01.10 12:02:13.603,9.04115,9.04269,1.00,1.00
2017.01.10 12:02:14.393,9.04124,9.0428,1.00,1.00
2017.01.10 12:02:14.495,9.04116,9.04272,1.00,1.00
2017.01.10 12:02:14.797,9.04109,9.04265,1.00,1.00
2017.01.10 12:02:15.261,9.04093,9.04246,1.00,1.00
2017.01.10 12:02:15.362,9.04093,9.04255,1.00,1.00
2017.01.10 12:02:15.413,9.0409,9.04249,1.00,1.00
2017.01.10 12:02:16.063,9.04106,9.04246,1.00,1.00
2017.01.10 12:02:17.093,9.04107,9.04247,1.00,1.00
2017.01.10 12:02:17.398,9.04102,9.0424,1.00,1.00
2017.01.10 12:02:17.600,9.04076,9.04216,1.00,1.00
2017.01.10 12:02:18.058,9.04069,9.04209,1.00,1.00
2017.01.10 12:02:18.281,9.0404,9.04183,1.00,1.00
2017.01.10 12:02:18.382,9.0404,9.04197,1.00,1.00
2017.01.10 12:02:18.433,9.04055,9.04214,1.00,1.00
2017.01.10 12:02:19.246,9.04064,9.04204,1.00,1.00
2017.01.10 12:02:19.478,9.04056,9.04215,1.00,1.00
2017.01.10 12:02:19.778,9.0407,9.0421,1.00,1.00
2017.01.10 12:02:20.242,9.04079,9.04218,1.00,1.00
2017.01.10 12:02:21.629,9.04081,9.04218,1.00,1.00
2017.01.10 12:02:21.969,9.04087,9.04224,1.00,1.00
2017.01.10 12:02:22.070,9.04085,9.04224,1.00,1.00
2017.01.10 12:02:22.853,9.04076,9.04214,1.00,1.00
2017.01.10 12:02:23.151,9.04048,9.04188,1.00,1.00
2017.01.10 12:02:23.413,9.04037,9.04176,1.00,1.00
2017.01.10 12:02:25.275,9.04031,9.04171,1.00,1.00
2017.01.10 12:02:25.326,9.04005,9.04144,1.00,1.00
2017.01.10 12:02:25.629,9.04001,9.04111,1.00,1.00
2017.01.10 12:02:25.941,9.04001,9.04103,1.00,1.00
2017.01.10 12:02:26.267,9.04001,9.04081,1.00,1.00
2017.01.10 12:02:26.469,9.0392,9.04081,1.00,1.00
2017.01.10 12:02:26.725,9.03941,9.04103,1.00,1.00
2017.01.10 12:02:26.977,9.03932,9.04099,1.00,1.00
2017.01.10 12:02:27.309,9.03943,9.04091,1.00,1.00
2017.01.10 12:02:27.806,9.03938,9.04084,1.00,1.00
2017.01.10 12:02:28.145,9.03929,9.04078,1.00,1.00
2017.01.10 12:02:28.363,9.03939,9.04107,1.00,1.00
2017.01.10 12:02:28.414,9.03941,9.0409,1.00,1.00
2017.01.10 12:02:28.465,9.03938,9.04105,1.00,1.00
2017.01.10 12:02:28.566,9.0396,9.04125,1.00,1.00
2017.01.10 12:02:29.290,9.03966,9.04114,1.00,1.00
2017.01.10 12:02:29.456,9.03956,9.04123,1.00,1.00
2017.01.10 12:02:29.507,9.03967,9.04113,1.00,1.00
2017.01.10 12:02:30.342,9.03966,9.0411,1.00,1.00
2017.01.10 12:02:30.510,9.03988,9.04133,1.00,1.00
2017.01.10 12:02:32.652,9.0398,9.04124,1.00,1.00
2017.01.10 12:02:32.702,9.03974,9.04119,1.00,1.00
2017.01.10 12:02:32.753,9.03969,9.04116,1.00,1.00
2017.01.10 12:02:33.952,9.0396,9.04107,1.00,1.00
2017.01.10 12:02:34.880,9.03984,9.04131,1.00,1.00
2017.01.10 12:02:35.890,9.03988,9.04135,1.00,1.00
2017.01.10 12:02:36.434,9.03982,9.04129,1.00,1.00
2017.01.10 12:02:36.846,9.03987,9.04134,1.00,1.00
2017.01.10 12:02:38.185,9.03983,9.04134,1.00,1.00
2017.01.10 12:02:38.684,9.03976,9.04127,1.00,1.00
2017.01.10 12:02:38.988,9.03978,9.04127,1.00,1.00
2017.01.10 12:02:39.349,9.0396,9.04106,1.00,1.00
2017.01.10 12:02:39.777,9.03955,9.04101,1.00,1.00
2017.01.10 12:02:39.896,9.03975,9.04122,1.00,1.00
2017.01.10 12:02:40.202,9.03966,9.04108,1.00,1.00
2017.01.10 12:02:41.001,9.03959,9.04104,1.00,1.00
2017.01.10 12:02:41.732,9.0398,9.04127,1.00,1.00
2017.01.10 12:02:42.703,9.03986,9.04133,1.00,1.00
2017.01.10 12:02:43.129,9.04002,9.04154,1.00,1.00
2017.01.10 12:02:43.280,9.04021,9.04168,1.00,1.00
2017.01.10 12:02:43.585,9.04036,9.04183,1.00,1.00
2017.01.10 12:02:44.300,9.04035,9.04182,1.00,1.00
2017.01.10 12:02:45.245,9.04029,9.04176,1.00,1.00
2017.01.10 12:02:45.743,9.04024,9.04149,1.00,1.00
2017.01.10 12:02:46.046,9.04001,9.04149,1.00,1.00
2017.01.10 12:02:46.731,9.04023,9.0417,1.00,1.00
2017.01.10 12:02:47.035,9.04016,9.04161,1.00,1.00
2017.01.10 12:02:48.013,9.04019,9.04167,1.00,1.00
2017.01.10 12:02:48.115,9.04017,9.04167,1.00,1.00
2017.01.10 12:02:48.425,9.04007,9.04155,1.00,1.00
2017.01.10 12:02:48.576,9.03996,9.04145,1.00,1.00
2017.01.10 12:02:48.690,9.04009,9.04156,1.00,1.00
2017.01.10 12:02:49.040,9.04011,9.04156,1.00,1.00
2017.01.10 12:02:49.388,9.03998,9.04144,1.00,1.00
2017.01.10 12:02:50.026,9.04005,9.04151,1.00,1.00
2017.01.10 12:02:50.228,9.03995,9.04142,1.00,1.00
2017.01.10 12:02:50.329,9.03973,9.04121,1.00,1.00
2017.01.10 12:02:50.380,9.03973,9.04115,1.00,1.00
2017.01.10 12:02:50.683,9.03972,9.04091,1.00,1.00
2017.01.10 12:02:50.838,9.03952,9.04091,1.00,1.00
2017.01.10 12:02:50.938,9.03945,9.04091,1.00,1.00
2017.01.10 12:02:51.255,9.03955,9.04099,1.00,1.00
2017.01.10 12:02:51.567,9.03941,9.04085,1.00,1.00
2017.01.10 12:02:52.248,9.0392,9.04064,1.00,1.00
2017.01.10 12:02:52.788,9.03919,9.04064,1.00,1.00
2017.01.10 12:02:53.215,9.0394,9.04085,1.00,1.00
2017.01.10 12:02:53.881,9.03945,9.0409,1.00,1.00
2017.01.10 12:02:54.115,9.03938,9.04084,1.00,1.00
2017.01.10 12:02:54.216,9.03948,9.04094,1.00,1.00
2017.01.10 12:02:55.024,9.03941,9.04087,1.00,1.00
2017.01.10 12:02:55.372,9.03949,9.04093,1.00,1.00
2017.01.10 12:02:55.944,9.03939,9.04085,1.00,1.00
2017.01.10 12:02:56.046,9.03947,9.04093,1.00,1.00
2017.01.10 12:02:56.370,9.04017,9.04158,1.00,1.60
2017.01.10 12:02:56.776,9.04043,9.04181,1.00,1.00
2017.01.10 12:02:56.877,9.04072,9.04181,1.00,1.00
2017.01.10 12:02:56.978,9.04072,9.04214,1.00,1.00
2017.01.10 12:02:57.130,9.04089,9.04218,1.00,1.00
2017.01.10 12:02:57.181,9.041,9.04242,1.00,1.00
2017.01.10 12:02:57.628,9.04117,9.04258,1.00,1.00
2017.01.10 12:02:57.881,9.04119,9.04261,1.00,1.00
2017.01.10 12:02:58.094,9.04112,9.04253,1.00,1.00
2017.01.10 12:02:58.444,9.04146,9.04287,1.00,1.00
2017.01.10 12:02:58.797,9.04157,9.04298,1.00,1.00
2017.01.10 12:02:59.331,9.04152,9.04293,1.00,1.00
2017.01.10 12:02:59.730,9.04162,9.04304,1.00,1.00
2017.01.10 12:02:59.882,9.04173,9.04315,1.00,1.00
2017.01.10 12:03:00.731,9.04179,9.0432,1.00,1.00
2017.01.10 12:03:01.672,9.04184,9.04323,1.00,1.00
2017.01.10 12:03:02.469,9.04188,9.04329,1.00,1.00
2017.01.10 12:03:04.795,9.04184,9.04326,1.00,1.00
2017.01.10 12:03:06.068,9.04204,9.04341,1.00,1.00
2017.01.10 12:03:06.271,9.04223,9.04361,1.00,1.00
2017.01.10 12:03:06.322,9.04205,9.04344,1.00,1.00
2017.01.10 12:03:06.652,9.04177,9.04319,1.00,1.00
2017.01.10 12:03:07.323,9.04172,9.04311,1.00,1.00
2017.01.10 12:03:07.430,9.04159,9.043,1.00,1.00
2017.01.10 12:03:07.480,9.04147,9.04288,1.00,1.00
2017.01.10 12:03:07.582,9.04116,9.04268,1.00,1.00
2017.01.10 12:03:07.733,9.04115,9.04256,1.00,1.00
2017.01.10 12:03:07.784,9.04098,9.04268,1.00,1.00
2017.01.10 12:03:07.951,9.041,9.04241,1.00,1.00
2017.01.10 12:03:08.410,9.04086,9.04227,1.00,1.00
2017.01.10 12:03:08.897,9.04095,9.04237,1.00,1.00
2017.01.10 12:03:09.412,9.04085,9.04227,1.00,1.00
2017.01.10 12:03:09.724,9.04079,9.0422,1.00,1.00
2017.01.10 12:03:10.061,9.04091,9.04231,1.00,1.00
2017.01.10 12:03:10.384,9.0408,9.04219,1.00,1.00
2017.01.10 12:03:10.840,9.04086,9.04228,1.00,1.00
2017.01.10 12:03:11.631,9.04075,9.04217,1.00,1.00
2017.01.10 12:03:11.940,9.04067,9.04209,1.00,1.00
2017.01.10 12:03:12.363,9.04082,9.04224,1.00,1.00
2017.01.10 12:03:12.667,9.04101,9.04242,1.00,1.00
2017.01.10 12:03:12.970,9.04111,9.04252,1.00,1.00
2017.01.10 12:03:13.916,9.04112,9.04263,1.00,1.00
2017.01.10 12:03:13.967,9.04142,9.04264,1.00,1.00
2017.01.10 12:03:14.018,9.04142,9.04284,1.00,1.00
2017.01.10 12:03:14.320,9.04153,9.04294,1.00,1.00
2017.01.10 12:03:14.875,9.04143,9.04282,1.00,1.00
2017.01.10 12:03:16.653,9.04135,9.04276,1.00,1.00
2017.01.10 12:03:16.704,9.04141,9.04282,1.00,1.00
2017.01.10 12:03:17.735,9.04125,9.04267,1.00,1.00
2017.01.10 12:03:17.785,9.04108,9.04247,1.00,1.00
2017.01.10 12:03:18.777,9.04109,9.04251,1.00,1.00
2017.01.10 12:03:19.796,9.04111,9.04253,1.00,1.00
2017.01.10 12:03:21.538,9.04107,9.04248,1.00,1.00
2017.01.10 12:03:22.888,9.04108,9.04249,1.00,1.00
2017.01.10 12:03:24.057,9.04114,9.04253,1.00,1.00
2017.01.10 12:03:24.350,9.04139,9.0428,1.00,1.00
2017.01.10 12:03:25.179,9.0414,9.04282,1.00,1.00
2017.01.10 12:03:27.808,9.04138,9.04279,1.00,1.00
2017.01.10 12:03:28.121,9.04117,9.04259,1.00,1.00
2017.01.10 12:03:28.446,9.04106,9.04248,1.00,1.00
2017.01.10 12:03:28.989,9.04099,9.04226,1.00,1.00
2017.01.10 12:03:29.141,9.04087,9.04226,1.00,1.00
2017.01.10 12:03:29.901,9.04078,9.04219,1.00,1.00
2017.01.10 12:03:31.575,9.04071,9.04212,1.00,1.00
2017.01.10 12:03:31.891,9.04078,9.04219,1.00,1.00
2017.01.10 12:03:32.194,9.04092,9.04233,1.00,1.00
2017.01.10 12:03:32.539,9.04104,9.04245,1.00,1.00
2017.01.10 12:03:32.868,9.04084,9.04225,1.00,1.00
2017.01.10 12:03:33.824,9.04088,9.04229,1.00,1.00
2017.01.10 12:03:34.572,9.0408,9.04222,1.00,1.00
2017.01.10 12:03:34.623,9.04073,9.04214,1.00,1.00
2017.01.10 12:03:35.250,9.04087,9.04228,1.00,1.00
2017.01.10 12:03:35.600,9.04094,9.04235,1.00,1.00
2017.01.10 12:03:35.702,9.04071,9.04225,1.00,1.00
2017.01.10 12:03:35.752,9.04068,9.04209,1.00,1.00
2017.01.10 12:03:36.561,9.04053,9.04194,1.00,1.00
2017.01.10 12:03:36.662,9.04059,9.04201,1.00,1.00
2017.01.10 12:03:40.754,9.04055,9.04196,1.00,1.00
2017.01.10 12:03:41.057,9.04025,9.04155,1.00,1.00
2017.01.10 12:03:41.304,9.04014,9.04155,1.00,1.00
2017.01.10 12:03:41.869,9.03996,9.04137,1.00,1.00
2017.01.10 12:03:42.497,9.03978,9.04119,1.00,1.00
2017.01.10 12:03:42.871,9.03962,9.04103,1.00,1.00
2017.01.10 12:03:43.258,9.03956,9.04097,1.00,1.00
2017.01.10 12:03:43.561,9.03946,9.04085,1.00,1.00
2017.01.10 12:03:43.771,9.0393,9.04071,1.00,1.00
2017.01.10 12:03:44.378,9.03919,9.0406,1.00,1.00
2017.01.10 12:03:45.314,9.03927,9.04068,1.00,1.00
2017.01.10 12:03:46.731,9.03923,9.04063,1.00,1.00
2017.01.10 12:03:47.587,9.03917,9.04058,1.00,1.00
2017.01.10 12:03:47.738,9.03912,9.04053,1.00,1.00
2017.01.10 12:03:48.786,9.03918,9.04059,1.00,1.00
2017.01.10 12:03:49.851,9.03925,9.04066,1.00,1.00
2017.01.10 12:03:50.814,9.03923,9.04093,1.00,1.00
2017.01.10 12:03:50.965,9.03946,9.04088,1.00,1.00
2017.01.10 12:03:51.299,9.03938,9.04079,1.00,1.00
2017.01.10 12:03:52.286,9.03928,9.0407,1.00,1.00
2017.01.10 12:03:52.339,9.03912,9.04051,1.00,1.00
2017.01.10 12:03:52.647,9.03923,9.04062,1.00,1.00
2017.01.10 12:03:53.325,9.03935,9.0407,1.00,1.00
2017.01.10 12:03:53.757,9.03952,9.0407,1.00,1.00
2017.01.10 12:03:53.860,9.03952,9.0409,1.00,1.00
2017.01.10 12:03:53.911,9.03967,9.04106,1.00,1.00
2017.01.10 12:03:54.840,9.03964,9.04104,1.00,1.00
2017.01.10 12:03:55.787,9.03992,9.04132,1.00,1.00
2017.01.10 12:03:56.097,9.03982,9.04121,1.00,1.00
2017.01.10 12:03:56.399,9.03972,9.04111,1.00,1.00
2017.01.10 12:03:56.805,9.03967,9.04106,1.00,1.00
2017.01.10 12:03:57.890,9.03968,9.04107,1.00,1.00
2017.01.10 12:03:58.850,9.03966,9.04107,1.00,1.00
2017.01.10 12:03:59.554,9.03957,9.04098,1.00,1.00
2017.01.10 12:03:59.872,9.03927,9.04065,1.00,1.00
2017.01.10 12:04:00.275,9.0394,9.04078,1.00,1.00
2017.01.10 12:04:00.688,9.03956,9.04093,1.00,1.00
2017.01.10 12:04:01.028,9.03947,9.04084,1.00,1.00
2017.01.10 12:04:01.561,9.03963,9.04105,1.00,1.00
2017.01.10 12:04:01.611,9.03956,9.04094,1.00,1.00
2017.01.10 12:04:02.166,9.03938,9.04091,1.00,1.00
2017.01.10 12:04:02.267,9.03934,9.04072,1.00,1.00
2017.01.10 12:04:02.570,9.03938,9.04066,1.00,1.00
2017.01.10 12:04:02.842,9.03919,9.04057,1.00,1.00
2017.01.10 12:04:03.843,9.03919,9.04056,1.00,1.00
2017.01.10 12:04:05.504,9.03915,9.04052,1.00,1.00
2017.01.10 12:04:05.807,9.03909,9.04045,1.00,1.50
2017.01.10 12:04:07.963,9.03911,9.04045,1.00,1.00
2017.01.10 12:04:13.020,9.03906,9.04043,1.00,1.00
2017.01.10 12:04:14.978,9.03908,9.04045,1.00,1.50
2017.01.10 12:04:19.488,9.03905,9.04042,1.00,1.00
2017.01.10 12:04:19.791,9.03888,9.04025,1.00,1.00
2017.01.10 12:04:20.753,9.03886,9.04024,1.00,1.00
2017.01.10 12:04:24.071,9.0388,9.04017,1.00,1.00
2017.01.10 12:04:25.086,9.03876,9.04013,1.00,1.00
2017.01.10 12:04:25.705,9.03883,9.0402,1.00,1.00
2017.01.10 12:04:26.032,9.03906,9.04028,1.00,1.00
2017.01.10 12:04:26.727,9.03909,9.04037,1.00,1.00
2017.01.10 12:04:27.927,9.03905,9.04037,1.00,1.00
2017.01.10 12:04:29.492,9.03901,9.04037,1.00,1.00
2017.01.10 12:04:30.482,9.039,9.04037,1.00,1.50
2017.01.10 12:04:30.731,9.03847,9.03985,1.00,1.00
2017.01.10 12:04:30.832,9.03858,9.0402,1.00,1.00
2017.01.10 12:04:30.933,9.03858,9.04005,1.00,1.00
2017.01.10 12:04:31.239,9.03858,9.0402,1.00,1.00
2017.01.10 12:04:31.340,9.03858,9.04007,1.00,1.00
2017.01.10 12:04:31.706,9.03838,9.03972,1.00,1.00
2017.01.10 12:04:31.757,9.03818,9.03955,1.00,1.00
2017.01.10 12:04:32.110,9.03808,9.03945,1.00,1.00
2017.01.10 12:04:33.115,9.03817,9.0397,1.00,1.00
2017.01.10 12:04:33.717,9.03812,9.03965,1.00,1.00
2017.01.10 12:04:35.319,9.03807,9.0396,1.00,1.00
2017.01.10 12:04:35.677,9.03814,9.03954,1.00,1.00
2017.01.10 12:04:36.309,9.03819,9.03954,1.00,1.00
2017.01.10 12:04:36.359,9.03816,9.03954,1.00,1.00
2017.01.10 12:04:37.407,9.03822,9.03954,1.00,1.00
2017.01.10 12:04:37.509,9.03828,9.03974,1.00,1.00
2017.01.10 12:04:39.396,9.03824,9.03961,1.00,1.00
2017.01.10 12:04:39.760,9.03819,9.03956,1.00,1.00
2017.01.10 12:04:40.261,9.0384,9.03974,1.00,1.00
2017.01.10 12:04:40.472,9.0384,9.03977,1.00,1.00
2017.01.10 12:04:40.763,9.03849,9.03986,1.00,1.00
2017.01.10 12:04:41.095,9.03843,9.0398,1.00,1.00
2017.01.10 12:04:41.297,9.03809,9.03947,1.00,1.00
2017.01.10 12:04:42.293,9.0381,9.03947,1.00,1.00
2017.01.10 12:04:43.293,9.03808,9.03946,1.00,1.00
2017.01.10 12:04:43.488,9.03813,9.03951,1.00,1.00
2017.01.10 12:04:44.712,9.03814,9.03952,1.00,1.00
2017.01.10 12:04:45.753,9.03811,9.03948,1.00,1.00
2017.01.10 12:04:46.227,9.03802,9.03939,1.00,1.00
2017.01.10 12:04:49.970,9.03804,9.03941,1.00,1.00
2017.01.10 12:04:50.325,9.0381,9.03947,1.00,1.00
2017.01.10 12:04:53.057,9.03808,9.03945,1.00,1.00
2017.01.10 12:04:54.056,9.03813,9.03949,1.00,1.00
2017.01.10 12:04:55.088,9.03811,9.03949,1.00,1.00
2017.01.10 12:04:55.960,9.03822,9.03949,1.00,1.00
2017.01.10 12:04:56.061,9.03834,9.03971,1.00,1.00
2017.01.10 12:04:56.378,9.03827,9.03971,1.00,1.00
2017.01.10 12:04:56.429,9.03814,9.03971,1.00,1.00
2017.01.10 12:04:56.530,9.03799,9.03967,1.00,1.00
2017.01.10 12:04:56.581,9.03799,9.03953,1.00,1.00
2017.01.10 12:04:57.203,9.03799,9.03967,1.00,1.00
2017.01.10 12:04:57.446,9.03804,9.03956,1.00,1.00
2017.01.10 12:04:58.426,9.03803,9.03956,1.00,1.00
2017.01.10 12:04:59.398,9.03819,9.03956,1.00,1.00
2017.01.10 12:04:59.930,9.03819,9.03957,1.00,1.00
2017.01.10 12:05:00.257,9.03817,9.03955,1.00,1.00
2017.01.10 12:05:01.105,9.03816,9.03953,1.00,1.00
2017.01.10 12:05:01.298,9.03814,9.03953,1.00,1.00
2017.01.10 12:05:03.310,9.03805,9.03951,1.00,1.00
2017.01.10 12:05:03.362,9.03791,9.03931,1.00,1.00
2017.01.10 12:05:04.058,9.03805,9.03943,1.00,1.00
2017.01.10 12:05:04.361,9.03817,9.03956,1.00,1.00
2017.01.10 12:05:04.995,9.03803,9.03943,1.00,1.00
2017.01.10 12:05:05.046,9.03796,9.03934,1.00,1.00
2017.01.10 12:05:07.077,9.038,9.03939,1.00,1.00
2017.01.10 12:05:07.171,9.03807,9.03946,1.00,1.00
2017.01.10 12:05:08.083,9.03814,9.03951,1.00,1.00
2017.01.10 12:05:14.646,9.03848,9.03982,1.00,1.50
2017.01.10 12:05:15.638,9.0385,9.03982,1.00,1.00
2017.01.10 12:05:18.606,9.0385,9.03989,1.00,1.00
2017.01.10 12:05:19.464,9.03845,9.03984,1.00,1.00
2017.01.10 12:05:20.415,9.03841,9.0398,1.00,1.00
2017.01.10 12:05:21.095,9.03847,9.03987,1.00,1.00
2017.01.10 12:05:21.882,9.0382,9.03959,1.00,1.00
2017.01.10 12:05:22.850,9.03816,9.03953,1.00,1.00
2017.01.10 12:05:27.872,9.03809,9.03948,1.00,1.00
2017.01.10 12:05:30.164,9.03811,9.0395,1.00,1.00
2017.01.10 12:05:32.696,9.03801,9.0394,1.00,1.00
2017.01.10 12:05:34.681,9.0376,9.03899,1.00,1.00
2017.01.10 12:05:34.987,9.03727,9.03866,1.00,1.00
2017.01.10 12:05:35.833,9.03728,9.03868,1.00,1.00
2017.01.10 12:05:36.596,9.0373,9.03868,1.00,1.00
2017.01.10 12:05:36.940,9.03739,9.03875,1.00,1.00
2017.01.10 12:05:37.368,9.03719,9.03865,1.00,1.00
2017.01.10 12:05:37.419,9.03711,9.03849,1.00,1.00
2017.01.10 12:05:37.812,9.03695,9.03832,1.00,1.00
2017.01.10 12:05:38.500,9.03692,9.03829,1.00,1.00
2017.01.10 12:05:40.505,9.0369,9.03829,1.00,1.00
2017.01.10 12:05:41.739,9.03726,9.03855,1.00,1.00
2017.01.10 12:05:41.992,9.03733,9.03873,1.00,1.00
2017.01.10 12:05:42.755,9.03725,9.03865,1.00,1.00
2017.01.10 12:05:43.731,9.03728,9.03868,1.00,1.00
2017.01.10 12:05:45.184,9.0372,9.0386,1.00,1.00
2017.01.10 12:05:47.074,9.03723,9.03862,1.00,1.00
2017.01.10 12:05:47.386,9.0372,9.03859,1.00,1.00
2017.01.10 12:05:48.320,9.03723,9.03862,1.00,1.00
2017.01.10 12:05:48.612,9.03713,9.03862,1.00,1.00
2017.01.10 12:05:49.318,9.03719,9.03868,1.00,1.00
2017.01.10 12:05:50.110,9.03727,9.03876,1.00,1.00
2017.01.10 12:05:50.353,9.03688,9.03838,1.00,1.00
2017.01.10 12:05:50.454,9.03709,9.03851,1.00,1.00
2017.01.10 12:05:50.606,9.03709,9.03858,1.00,1.00
2017.01.10 12:05:51.667,9.03714,9.03861,1.00,1.00
2017.01.10 12:05:53.839,9.03715,9.03862,1.00,1.50
2017.01.10 12:05:54.717,9.03741,9.03862,1.00,1.00
2017.01.10 12:05:54.818,9.03741,9.03879,1.00,1.00
2017.01.10 12:05:54.869,9.03763,9.03879,1.00,1.00
2017.01.10 12:05:55.121,9.03763,9.03912,1.00,1.00
2017.01.10 12:05:55.723,9.03756,9.03905,1.00,1.00
2017.01.10 12:05:56.746,9.0376,9.0391,1.00,1.00
2017.01.10 12:05:57.119,9.03765,9.03915,1.00,1.00
2017.01.10 12:05:57.532,9.03747,9.03894,1.00,1.00
2017.01.10 12:05:57.656,9.03741,9.03891,1.00,1.00
2017.01.10 12:05:57.707,9.03729,9.03879,1.00,1.00
2017.01.10 12:05:58.600,9.0373,9.0388,1.00,1.00
2017.01.10 12:05:59.725,9.03735,9.03885,1.00,1.00
2017.01.10 12:06:00.045,9.03684,9.03834,1.00,1.00
2017.01.10 12:06:00.348,9.03697,9.03846,1.00,1.00
2017.01.10 12:06:00.651,9.03682,9.03831,1.00,1.00
2017.01.10 12:06:04.145,9.03678,9.03827,1.00,1.00
2017.01.10 12:06:06.204,9.03683,9.03832,1.00,1.00
2017.01.10 12:06:07.118,9.03673,9.03822,1.00,1.00
2017.01.10 12:06:07.769,9.03678,9.03827,1.00,1.00
2017.01.10 12:06:08.228,9.03681,9.03829,1.00,1.00
2017.01.10 12:06:08.971,9.03649,9.03796,1.00,1.00
2017.01.10 12:06:09.275,9.03635,9.03768,1.00,1.00
2017.01.10 12:06:09.568,9.03621,9.03768,1.00,1.00
2017.01.10 12:06:10.001,9.03626,9.03774,1.00,1.00
2017.01.10 12:06:11.560,9.03637,9.03787,1.00,1.00
2017.01.10 12:06:13.151,9.03639,9.03788,1.00,1.00
2017.01.10 12:06:15.217,9.03635,9.03782,1.00,1.00
2017.01.10 12:06:16.603,9.03584,9.0378,1.37,1.00
2017.01.10 12:06:16.655,9.03584,9.03778,1.37,2.10
2017.01.10 12:06:16.705,9.03584,9.03778,1.00,2.10
2017.01.10 12:06:16.756,9.03591,9.03767,1.00,1.60
2017.01.10 12:06:16.958,9.03549,9.03767,1.00,1.60
2017.01.10 12:06:17.109,9.03547,9.03748,1.00,1.60
2017.01.10 12:06:17.668,9.03577,9.03724,1.00,1.00
2017.01.10 12:06:19.343,9.03575,9.03733,1.00,1.00
2017.01.10 12:06:19.667,9.03576,9.03723,1.00,1.00
2017.01.10 12:06:20.304,9.03581,9.03728,1.00,1.00
2017.01.10 12:06:21.148,9.03576,9.03723,1.00,1.00
2017.01.10 12:06:21.551,9.03563,9.0371,1.00,1.00
2017.01.10 12:06:21.853,9.03525,9.03672,1.00,1.00
2017.01.10 12:06:22.200,9.03494,9.03641,1.00,1.00
2017.01.10 12:06:22.304,9.03511,9.03667,1.00,1.00
2017.01.10 12:06:22.380,9.03553,9.03697,1.00,1.00
2017.01.10 12:06:22.431,9.0355,9.03697,1.00,1.00
2017.01.10 12:06:22.583,9.0355,9.03698,1.37,1.00
2017.01.10 12:06:22.684,9.03513,9.03707,1.75,1.00
2017.01.10 12:06:22.735,9.03519,9.03733,1.75,1.00
2017.01.10 12:06:22.887,9.03513,9.03728,1.75,1.00
2017.01.10 12:06:23.209,9.03571,9.03728,1.00,1.00
2017.01.10 12:06:24.101,9.03573,9.03728,1.00,1.00
2017.01.10 12:06:25.112,9.03577,9.03728,1.00,1.00
2017.01.10 12:06:26.181,9.03572,9.03728,1.00,1.00
2017.01.10 12:06:26.232,9.03546,9.03728,1.37,1.00
2017.01.10 12:06:26.283,9.0355,9.03723,1.00,1.00
2017.01.10 12:06:26.456,9.03563,9.03728,1.00,1.00
2017.01.10 12:06:26.804,9.03575,9.03733,1.00,1.00
2017.01.10 12:06:27.118,9.03578,9.03733,1.00,1.00
2017.01.10 12:06:28.165,9.0358,9.03733,1.00,1.00
2017.01.10 12:06:28.920,9.03565,9.03733,1.00,1.00
2017.01.10 12:06:28.971,9.03558,9.03729,1.00,1.00
2017.01.10 12:06:29.284,9.03567,9.03733,1.00,1.00
2017.01.10 12:06:29.890,9.03573,9.03733,1.00,1.00
2017.01.10 12:06:30.248,9.0357,9.03733,1.00,1.00
2017.01.10 12:06:31.938,9.03541,9.03727,1.00,1.00
2017.01.10 12:06:31.988,9.03535,9.03703,1.37,1.00
2017.01.10 12:06:32.290,9.03535,9.03693,1.37,1.00
2017.01.10 12:06:32.935,9.03538,9.03693,1.00,1.00
2017.01.10 12:06:33.342,9.03521,9.03671,1.00,2.10
2017.01.10 12:06:33.392,9.03484,9.03671,1.75,2.10
2017.01.10 12:06:33.494,9.03463,9.03671,1.00,2.10
2017.01.10 12:06:33.545,9.03434,9.03642,1.00,1.60
2017.01.10 12:06:33.808,9.03434,9.0361,1.00,1.00
2017.01.10 12:06:33.859,9.03432,9.0361,1.00,1.00
2017.01.10 12:06:34.353,9.03442,9.03598,1.00,1.00
2017.01.10 12:06:35.182,9.03438,9.03607,1.00,1.00
2017.01.10 12:06:37.318,9.03441,9.03607,1.00,1.00
2017.01.10 12:06:38.264,9.03443,9.03601,1.00,1.00
2017.01.10 12:06:38.965,9.03447,9.036,1.00,1.00
2017.01.10 12:06:39.272,9.03447,9.03593,1.00,1.00
2017.01.10 12:06:39.323,9.03433,9.03593,1.00,1.00
2017.01.10 12:06:39.374,9.03419,9.0357,1.00,1.00
2017.01.10 12:06:39.425,9.03416,9.03569,1.00,1.00
2017.01.10 12:06:39.476,9.03381,9.03534,1.00,1.00
2017.01.10 12:06:39.841,9.03403,9.03516,1.00,1.00
2017.01.10 12:06:39.893,9.03419,9.03535,1.00,1.00
2017.01.10 12:06:39.944,9.03419,9.0354,1.00,1.00
2017.01.10 12:06:40.132,9.03415,9.0354,1.00,1.00
2017.01.10 12:06:40.390,9.03415,9.03568,1.00,1.50
2017.01.10 12:06:40.844,9.03419,9.03568,1.00,1.50
2017.01.10 12:06:41.159,9.03424,9.03568,1.00,1.50
2017.01.10 12:06:41.940,9.03421,9.03568,1.00,1.50
2017.01.10 12:06:41.991,9.0345,9.03568,1.00,1.50
2017.01.10 12:06:42.617,9.03436,9.03568,1.00,1.00
2017.01.10 12:06:42.669,9.03424,9.03568,1.00,1.00
2017.01.10 12:06:43.088,9.03442,9.03568,1.00,1.00
2017.01.10 12:06:43.302,9.03442,9.03588,1.00,1.00
2017.01.10 12:06:43.353,9.03442,9.03591,1.00,1.00
2017.01.10 12:06:43.623,9.03449,9.03591,1.00,1.00
2017.01.10 12:06:44.071,9.03445,9.03591,1.00,1.00
2017.01.10 12:06:44.668,9.03449,9.03591,1.00,1.00
2017.01.10 12:06:45.321,9.03448,9.03589,1.00,1.00
2017.01.10 12:06:45.523,9.03421,9.03563,1.00,1.00
2017.01.10 12:06:45.624,9.0344,9.03566,1.00,1.00
2017.01.10 12:06:45.958,9.03452,9.03591,1.00,1.00
2017.01.10 12:06:46.160,9.03469,9.03591,1.00,1.00
2017.01.10 12:06:46.210,9.03469,9.03602,1.00,1.00
2017.01.10 12:06:46.261,9.03492,9.03602,1.00,1.00
2017.01.10 12:06:46.312,9.03492,9.03618,1.00,1.00
2017.01.10 12:06:46.732,9.03492,9.03633,1.00,1.00
2017.01.10 12:06:47.288,9.03491,9.03632,1.00,1.00
2017.01.10 12:06:47.339,9.03498,9.03636,1.00,1.00
2017.01.10 12:06:47.660,9.03505,9.03636,1.00,1.00
2017.01.10 12:06:47.812,9.03515,9.03656,1.00,1.50
2017.01.10 12:06:47.863,9.03541,9.03679,1.00,1.00
2017.01.10 12:06:47.964,9.0353,9.03671,1.00,1.00
2017.01.10 12:06:48.015,9.03514,9.03676,1.00,1.00
2017.01.10 12:06:48.253,9.03513,9.03655,1.00,1.00
2017.01.10 12:06:49.081,9.03524,9.03665,1.00,1.00
2017.01.10 12:06:49.132,9.0353,9.03672,1.00,1.00
2017.01.10 12:06:49.183,9.03537,9.03679,1.00,1.50
2017.01.10 12:06:50.213,9.03542,9.03679,1.00,1.00
2017.01.10 12:06:50.644,9.0352,9.03675,1.00,1.00
2017.01.10 12:06:50.695,9.03504,9.03645,1.00,1.00
2017.01.10 12:06:51.061,9.03488,9.0363,1.00,1.00
2017.01.10 12:06:51.125,9.03455,9.03617,1.37,1.00
2017.01.10 12:06:51.611,9.03479,9.0362,1.00,1.00
2017.01.10 12:06:51.978,9.0349,9.03631,1.00,1.00
2017.01.10 12:06:52.710,9.03486,9.03627,1.00,1.00
2017.01.10 12:06:53.727,9.03481,9.03622,1.00,1.00
2017.01.10 12:06:53.828,9.03471,9.03613,1.00,1.00
2017.01.10 12:06:54.088,9.03486,9.03627,1.00,1.00
2017.01.10 12:06:56.687,9.03469,9.03611,1.00,1.00
2017.01.10 12:06:56.794,9.03463,9.03605,1.00,1.00
2017.01.10 12:06:58.228,9.03466,9.03607,1.00,1.00
2017.01.10 12:07:00.068,9.03474,9.03615,1.00,1.00
2017.01.10 12:07:00.399,9.0348,9.03621,1.00,1.00
2017.01.10 12:07:00.450,9.03473,9.03627,1.00,1.00
2017.01.10 12:07:00.634,9.0346,9.03614,1.00,1.00
2017.01.10 12:07:00.990,9.0345,9.03602,1.00,1.00
2017.01.10 12:07:01.650,9.03458,9.03613,1.00,1.00
2017.01.10 12:07:02.578,9.03449,9.03603,1.00,1.00
2017.01.10 12:07:03.523,9.03436,9.03605,1.00,1.00
2017.01.10 12:07:03.574,9.03439,9.03593,1.00,1.00
2017.01.10 12:07:04.550,9.03435,9.03589,1.00,1.00
2017.01.10 12:07:05.152,9.03422,9.03576,1.00,1.00
2017.01.10 12:07:05.253,9.034,9.03556,1.00,1.00
2017.01.10 12:07:06.198,9.03406,9.0356,1.00,1.00
2017.01.10 12:07:06.796,9.03391,9.03547,1.37,1.00
2017.01.10 12:07:06.847,9.03376,9.03532,1.00,1.00
2017.01.10 12:07:07.272,9.03368,9.03524,1.00,1.00
2017.01.10 12:07:07.804,9.03359,9.03515,1.37,1.00
2017.01.10 12:07:08.019,9.03359,9.03515,1.00,1.00
2017.01.10 12:07:08.781,9.03357,9.03513,1.00,1.00
2017.01.10 12:07:09.124,9.03345,9.03501,1.37,1.00
2017.01.10 12:07:09.620,9.03345,9.03501,1.00,1.00
2017.01.10 12:07:09.811,9.03341,9.03497,1.00,1.00
2017.01.10 12:07:10.233,9.0335,9.03505,1.00,1.00
2017.01.10 12:07:10.542,9.03362,9.0351,1.00,1.00
2017.01.10 12:07:10.883,9.03387,9.0351,1.00,1.00
2017.01.10 12:07:10.934,9.03401,9.03536,1.00,1.00
2017.01.10 12:07:11.238,9.03401,9.03542,1.00,1.00
2017.01.10 12:07:12.615,9.03405,9.03542,1.00,1.00
2017.01.10 12:07:13.026,9.0341,9.03542,1.00,1.00
2017.01.10 12:07:13.478,9.03412,9.03542,1.00,1.00
2017.01.10 12:07:13.730,9.03406,9.03542,1.00,1.00
2017.01.10 12:07:15.091,9.03407,9.03542,1.00,1.00
2017.01.10 12:07:16.172,9.03411,9.03542,1.00,1.00
2017.01.10 12:07:16.251,9.03411,9.03562,1.00,1.00
2017.01.10 12:07:16.353,9.03405,9.03556,1.00,1.00
2017.01.10 12:07:17.300,9.034,9.03552,1.00,1.00
2017.01.10 12:07:19.556,9.03435,9.03564,1.00,1.00
2017.01.10 12:07:20.319,9.0344,9.03564,1.00,1.00
2017.01.10 12:07:20.544,9.0344,9.03567,1.00,1.00
2017.01.10 12:07:23.017,9.03424,9.03567,1.00,1.00
2017.01.10 12:07:24.698,9.03424,9.03583,1.00,1.00
2017.01.10 12:07:24.771,9.03424,9.03571,1.00,1.00
2017.01.10 12:07:27.037,9.03434,9.03571,1.00,1.00
2017.01.10 12:07:28.289,9.03435,9.03571,1.00,1.00
2017.01.10 12:07:34.623,9.03409,9.03547,1.00,1.00
2017.01.10 12:07:34.797,9.03404,9.03544,1.00,1.00
2017.01.10 12:07:34.848,9.03409,9.03566,1.00,1.00
2017.01.10 12:07:35.054,9.03427,9.03566,1.00,1.00
2017.01.10 12:07:35.711,9.03427,9.0358,1.00,1.00
2017.01.10 12:07:36.985,9.03421,9.03572,1.00,1.00
2017.01.10 12:07:37.289,9.03379,9.03543,1.00,1.00
2017.01.10 12:07:37.341,9.03379,9.03531,1.00,1.00
2017.01.10 12:07:37.682,9.03398,9.03536,1.00,1.00
2017.01.10 12:07:38.460,9.03396,9.03535,1.00,1.00
2017.01.10 12:07:38.790,9.0339,9.03529,1.00,1.00
2017.01.10 12:07:40.160,9.03397,9.03536,1.00,1.00
2017.01.10 12:07:40.758,9.03415,9.03554,1.00,1.00
2017.01.10 12:07:41.140,9.03403,9.03542,1.00,1.00
2017.01.10 12:07:41.342,9.03391,9.03531,1.00,1.00
2017.01.10 12:07:42.109,9.03397,9.03536,1.00,1.00
2017.01.10 12:07:43.468,9.03375,9.03514,1.00,1.00
2017.01.10 12:07:43.518,9.03357,9.03497,1.00,1.00
2017.01.10 12:07:43.620,9.03347,9.03486,1.00,1.00
2017.01.10 12:07:44.501,9.03352,9.03491,1.00,1.00
2017.01.10 12:07:44.955,9.03357,9.03497,1.00,1.00
2017.01.10 12:07:45.908,9.0336,9.03497,1.00,1.00
2017.01.10 12:07:47.083,9.03376,9.03511,1.00,1.00
2017.01.10 12:07:47.337,9.03394,9.03533,1.00,1.00
2017.01.10 12:07:48.185,9.03398,9.03534,1.00,1.00
2017.01.10 12:07:50.892,9.03394,9.03533,1.00,1.00
2017.01.10 12:07:51.518,9.03423,9.03534,1.00,1.00
2017.01.10 12:07:51.745,9.03433,9.03573,1.00,1.00
2017.01.10 12:07:51.897,9.03424,9.03563,1.00,1.00
2017.01.10 12:07:52.709,9.03406,9.03546,1.00,1.00
2017.01.10 12:07:52.912,9.03399,9.03537,1.00,1.00
2017.01.10 12:07:53.728,9.03391,9.03531,1.00,1.00
2017.01.10 12:07:53.879,9.03389,9.03509,1.00,1.00
2017.01.10 12:07:53.930,9.0337,9.03509,1.00,1.00
2017.01.10 12:07:54.866,9.03365,9.03505,1.00,1.00
2017.01.10 12:07:56.073,9.03372,9.03511,1.00,1.00
2017.01.10 12:07:56.131,9.03365,9.03505,1.00,1.00
2017.01.10 12:07:56.480,9.03358,9.03498,1.00,1.00
2017.01.10 12:07:56.827,9.03361,9.03497,1.00,1.00
2017.01.10 12:07:57.274,9.03353,9.03485,1.00,1.00
2017.01.10 12:07:57.375,9.03348,9.03485,1.00,1.00
2017.01.10 12:07:58.333,9.03353,9.03491,1.00,1.00
2017.01.10 12:07:58.714,9.03348,9.03485,1.00,1.00
2017.01.10 12:08:00.453,9.03336,9.03471,1.00,1.00
2017.01.10 12:08:00.555,9.03322,9.03459,1.00,1.00
2017.01.10 12:08:00.706,9.03309,9.03446,1.00,1.00
2017.01.10 12:08:01.016,9.03322,9.03457,1.00,1.00
2017.01.10 12:08:01.739,9.03326,9.03463,1.00,1.00
2017.01.10 12:08:01.964,9.0334,9.03477,1.00,1.00
2017.01.10 12:08:02.271,9.03348,9.03483,1.00,1.00
2017.01.10 12:08:04.214,9.03355,9.03495,1.00,1.50
2017.01.10 12:08:04.567,9.03349,9.03486,1.00,1.00
2017.01.10 12:08:05.174,9.03343,9.0348,1.00,1.00
2017.01.10 12:08:07.854,9.03333,9.03471,1.00,1.00
2017.01.10 12:08:07.904,9.03328,9.03466,1.00,1.00
2017.01.10 12:08:08.915,9.03325,9.03463,1.00,1.00
2017.01.10 12:08:09.089,9.03326,9.03472,1.00,1.00
2017.01.10 12:08:09.140,9.03353,9.03491,1.00,1.00
2017.01.10 12:08:10.091,9.03349,9.03486,1.00,1.00
2017.01.10 12:08:10.983,9.03356,9.03492,1.00,1.00
2017.01.10 12:08:11.236,9.03338,9.03476,1.00,1.00
2017.01.10 12:08:11.287,9.03329,9.03466,1.00,1.00
2017.01.10 12:08:11.590,9.03317,9.03454,1.00,1.00
2017.01.10 12:08:12.318,9.03321,9.03458,1.00,1.00
2017.01.10 12:08:16.262,9.03315,9.03453,1.00,1.00
2017.01.10 12:08:18.577,9.03305,9.03453,1.00,1.00
2017.01.10 12:08:19.695,9.03311,9.03458,1.00,1.00
2017.01.10 12:08:20.006,9.03316,9.03463,1.00,1.00
2017.01.10 12:08:20.757,9.03317,9.03464,1.00,1.00
2017.01.10 12:08:20.808,9.03309,9.03473,1.00,1.50
2017.01.10 12:08:20.859,9.0334,9.03473,1.00,1.00
2017.01.10 12:08:20.910,9.0334,9.03487,1.00,1.00
2017.01.10 12:08:21.011,9.03313,9.03461,1.00,1.00
2017.01.10 12:08:22.018,9.03306,9.03454,1.00,1.00
2017.01.10 12:08:23.247,9.03311,9.03459,1.00,1.00
2017.01.10 12:08:23.710,9.03309,9.03459,1.00,1.00
2017.01.10 12:08:24.599,9.03311,9.03459,1.00,1.00
2017.01.10 12:08:25.309,9.03316,9.03463,1.00,1.00
2017.01.10 12:08:26.613,9.03306,9.03453,1.00,1.00
2017.01.10 12:08:26.868,9.03292,9.03442,1.00,1.00
2017.01.10 12:08:27.685,9.03288,9.03437,1.00,1.00
2017.01.10 12:08:28.041,9.03305,9.03443,1.00,1.00
2017.01.10 12:08:28.142,9.03305,9.03454,1.00,1.00
2017.01.10 12:08:28.293,9.03292,9.03441,1.00,1.00
2017.01.10 12:08:29.282,9.03288,9.03437,1.00,1.00
2017.01.10 12:08:29.832,9.03287,9.03436,1.00,1.00
2017.01.10 12:08:30.506,9.03282,9.03421,1.00,1.00
2017.01.10 12:08:30.557,9.03283,9.03432,1.00,1.00
2017.01.10 12:08:31.938,9.03282,9.03431,1.50,1.00
2017.01.10 12:08:32.067,9.03282,9.03417,1.00,1.00
2017.01.10 12:08:32.919,9.03282,9.03428,1.00,1.00
2017.01.10 12:08:33.349,9.03267,9.03416,1.00,1.00
2017.01.10 12:08:34.436,9.03262,9.0341,1.00,1.00
2017.01.10 12:08:35.422,9.03263,9.03412,1.00,1.00
2017.01.10 12:08:37.145,9.03272,9.03421,1.00,1.00
2017.01.10 12:08:37.448,9.03297,9.03445,1.00,1.00
2017.01.10 12:08:37.599,9.03307,9.03456,1.00,1.00
2017.01.10 12:08:37.774,9.03284,9.0348,1.00,1.00
2017.01.10 12:08:38.516,9.03309,9.03458,1.00,1.00
2017.01.10 12:08:38.726,9.03296,9.03458,1.00,1.00
2017.01.10 12:08:38.777,9.0329,9.03458,1.00,1.00
2017.01.10 12:08:38.828,9.03284,9.03447,1.00,1.00
2017.01.10 12:08:39.131,9.03262,9.03409,1.00,1.00
2017.01.10 12:08:39.446,9.03285,9.03432,1.00,1.00
2017.01.10 12:08:40.406,9.03272,9.03429,1.00,1.00
2017.01.10 12:08:40.456,9.03281,9.03428,1.00,1.00
2017.01.10 12:08:41.571,9.03287,9.03434,1.00,1.00
2017.01.10 12:08:42.554,9.03295,9.03442,1.00,1.00
2017.01.10 12:08:42.857,9.03326,9.03471,1.00,1.00
2017.01.10 12:08:43.612,9.03324,9.03471,1.00,1.00
2017.01.10 12:08:44.070,9.03334,9.03481,1.00,1.00
2017.01.10 12:08:44.675,9.03346,9.03493,1.00,1.00
2017.01.10 12:08:45.629,9.03352,9.03499,1.00,1.00
2017.01.10 12:08:46.363,9.03354,9.03499,1.00,1.00
2017.01.10 12:08:47.818,9.03343,9.03489,1.00,1.00
2017.01.10 12:08:48.313,9.03337,9.03483,1.00,1.00
2017.01.10 12:08:48.822,9.03333,9.03478,1.00,1.00
2017.01.10 12:08:49.197,9.03317,9.03463,1.00,1.00
2017.01.10 12:08:49.248,9.03329,9.03474,1.00,1.00
2017.01.10 12:08:50.361,9.03335,9.03477,1.00,1.00
2017.01.10 12:08:50.512,9.03341,9.03487,1.00,1.00
2017.01.10 12:08:51.339,9.03349,9.03494,1.00,1.00
2017.01.10 12:08:53.584,9.03347,9.03493,1.00,1.00
2017.01.10 12:08:54.551,9.03328,9.03473,1.00,1.00
2017.01.10 12:08:55.560,9.03332,9.03475,1.00,1.00
2017.01.10 12:08:56.247,9.03332,9.03474,1.00,1.00
2017.01.10 12:08:58.508,9.0333,9.03474,1.00,1.00
2017.01.10 12:09:00.514,9.03327,9.0347,1.00,1.00
2017.01.10 12:09:01.201,9.03332,9.03474,1.00,1.00
2017.01.10 12:09:01.508,9.03336,9.03474,1.00,1.00
2017.01.10 12:09:01.772,9.03329,9.03474,1.00,1.50
2017.01.10 12:09:02.920,9.0333,9.03474,1.00,1.00
2017.01.10 12:09:02.995,9.03333,9.03474,1.00,1.50
2017.01.10 12:09:03.572,9.03303,9.03457,1.00,1.00
2017.01.10 12:09:03.673,9.03298,9.03435,1.00,1.00
2017.01.10 12:09:03.976,9.03291,9.03428,1.00,1.00
2017.01.10 12:09:04.243,9.03285,9.03428,1.00,1.00
2017.01.10 12:09:05.396,9.03298,9.03428,1.00,1.00
2017.01.10 12:09:05.447,9.03292,9.03428,1.00,1.00
2017.01.10 12:09:05.628,9.03294,9.03428,1.00,1.00
2017.01.10 12:09:08.525,9.03287,9.03428,1.00,1.00
2017.01.10 12:09:08.576,9.03276,9.03418,1.00,1.00
2017.01.10 12:09:08.779,9.03266,9.03407,1.00,1.00
2017.01.10 12:09:09.926,9.03272,9.03413,1.00,1.00
2017.01.10 12:09:10.179,9.03318,9.0346,1.00,1.00
2017.01.10 12:09:11.111,9.0332,9.03461,1.00,1.00
2017.01.10 12:09:11.724,9.03315,9.03456,1.00,1.00
2017.01.10 12:09:12.034,9.03335,9.03477,1.00,1.50
2017.01.10 12:09:12.135,9.03349,9.03477,1.00,1.00
2017.01.10 12:09:12.337,9.03349,9.0349,1.00,1.00
2017.01.10 12:09:12.465,9.0336,9.03501,1.00,1.00
2017.01.10 12:09:12.858,9.03373,9.03514,1.00,1.00
2017.01.10 12:09:13.160,9.03365,9.03506,1.00,1.00
2017.01.10 12:09:13.705,9.03358,9.03498,1.00,1.00
2017.01.10 12:09:13.857,9.03351,9.03492,1.00,1.00
2017.01.10 12:09:15.538,9.03357,9.03499,1.00,1.00
2017.01.10 12:09:15.589,9.03363,9.03504,1.00,1.00
2017.01.10 12:09:16.543,9.03369,9.03509,1.00,1.00
2017.01.10 12:09:17.534,9.03374,9.03509,1.00,1.00
2017.01.10 12:09:18.540,9.0337,9.03509,1.00,1.00
2017.01.10 12:09:18.801,9.03375,9.03509,1.00,1.00
2017.01.10 12:09:19.570,9.0337,9.03509,1.00,1.00
2017.01.10 12:09:20.510,9.03363,9.03504,1.00,1.00
2017.01.10 12:09:22.777,9.03367,9.03509,1.00,1.50
2017.01.10 12:09:23.795,9.03368,9.0351,1.00,1.00
2017.01.10 12:09:27.561,9.03365,9.03506,1.00,1.00
2017.01.10 12:09:27.662,9.03335,9.03491,1.00,1.00
2017.01.10 12:09:27.713,9.03364,9.03505,1.00,1.00
2017.01.10 12:09:27.920,9.03372,9.03514,1.00,1.00
2017.01.10 12:09:28.172,9.03355,9.03496,1.00,1.00
2017.01.10 12:09:28.273,9.03368,9.03519,1.00,1.00
2017.01.10 12:09:29.171,9.03373,9.03524,1.00,1.00
2017.01.10 12:09:29.257,9.03371,9.03524,1.00,1.00
2017.01.10 12:09:29.625,9.03361,9.03514,1.00,1.00
2017.01.10 12:09:30.647,9.03363,9.03506,1.00,1.00
2017.01.10 12:09:31.644,9.03365,9.03508,1.00,1.00
2017.01.10 12:09:31.695,9.03359,9.03503,1.00,1.00
2017.01.10 12:09:32.651,9.03355,9.03498,1.00,1.00
2017.01.10 12:09:33.201,9.03347,9.03482,1.00,1.00
2017.01.10 12:09:33.504,9.0332,9.03452,1.00,1.00
2017.01.10 12:09:33.977,9.03309,9.03452,1.00,1.00
2017.01.10 12:09:34.263,9.03312,9.03453,1.00,1.00
2017.01.10 12:09:35.561,9.03313,9.03456,1.00,1.00
2017.01.10 12:09:35.816,9.03291,9.03434,1.00,1.00
2017.01.10 12:09:36.149,9.03301,9.03444,1.00,1.00
2017.01.10 12:09:36.806,9.03307,9.0345,1.00,1.00
2017.01.10 12:09:37.134,9.03318,9.03461,1.00,1.00
2017.01.10 12:09:37.482,9.03328,9.03471,1.00,1.00
2017.01.10 12:09:38.134,9.03322,9.03465,1.00,1.00
2017.01.10 12:09:38.436,9.03299,9.03442,1.00,1.00
2017.01.10 12:09:38.748,9.03336,9.03475,1.00,1.00
2017.01.10 12:09:38.849,9.03336,9.03479,1.00,1.00
2017.01.10 12:09:39.528,9.03323,9.03466,1.00,1.00
2017.01.10 12:09:39.841,9.03312,9.03455,1.00,1.00
2017.01.10 12:09:40.924,9.03277,9.0345,1.00,1.00
2017.01.10 12:09:41.025,9.03281,9.03434,1.00,1.00
2017.01.10 12:09:41.357,9.03265,9.03408,1.00,1.00
2017.01.10 12:09:41.888,9.03288,9.03431,1.00,1.00
2017.01.10 12:09:42.302,9.03282,9.03425,1.00,1.00
2017.01.10 12:09:42.657,9.03264,9.03407,1.00,1.00
2017.01.10 12:09:43.082,9.0328,9.03423,1.00,1.00
2017.01.10 12:09:43.411,9.03292,9.03435,1.00,1.00
2017.01.10 12:09:43.742,9.033,9.03443,1.00,1.00
2017.01.10 12:09:44.072,9.03294,9.03437,1.00,1.00
2017.01.10 12:09:45.010,9.03298,9.03441,1.00,1.00
2017.01.10 12:09:46.013,9.03298,9.03439,1.00,1.00
2017.01.10 12:09:48.512,9.03302,9.03445,1.00,1.00
2017.01.10 12:09:49.144,9.03307,9.0345,1.00,1.00
2017.01.10 12:09:49.638,9.033,9.03443,1.00,1.00
2017.01.10 12:09:50.870,9.03305,9.03449,1.00,1.00
2017.01.10 12:09:50.921,9.0331,9.03453,1.00,1.00
2017.01.10 12:09:51.228,9.03322,9.03465,1.00,1.00
2017.01.10 12:09:51.978,9.03326,9.0347,1.00,1.00
2017.01.10 12:09:52.982,9.03322,9.03465,1.00,1.00
2017.01.10 12:09:53.292,9.03318,9.03459,1.00,1.00
2017.01.10 12:09:53.669,9.03326,9.03469,1.00,1.00
2017.01.10 12:09:55.591,9.03338,9.03482,1.00,1.00
2017.01.10 12:09:55.643,9.03346,9.03489,1.00,1.00
2017.01.10 12:09:55.695,9.03355,9.03499,1.00,1.50
2017.01.10 12:09:58.586,9.03356,9.035,1.00,1.00
2017.01.10 12:09:59.590,9.0336,9.03503,1.00,1.00
2017.01.10 12:10:00.586,9.03344,9.03488,1.00,1.00
2017.01.10 12:10:00.637,9.03326,9.0347,1.00,1.00
2017.01.10 12:10:00.946,9.03349,9.0349,1.00,1.00
2017.01.10 12:10:01.845,9.03353,9.03494,1.00,1.00
2017.01.10 12:10:02.488,9.03355,9.03494,1.00,1.00
2017.01.10 12:10:03.394,9.0336,9.03499,1.00,1.00
2017.01.10 12:10:03.701,9.03398,9.03524,1.00,1.00
2017.01.10 12:10:03.752,9.03408,9.03541,1.00,1.00
2017.01.10 12:10:03.803,9.03408,9.03547,1.00,1.00
2017.01.10 12:10:03.854,9.03427,9.03556,1.00,1.00
2017.01.10 12:10:03.956,9.03441,9.0358,1.00,1.00
2017.01.10 12:10:04.730,9.03431,9.03569,1.00,1.00
2017.01.10 12:10:04.829,9.03424,9.03563,1.00,1.00
2017.01.10 12:10:05.831,9.03421,9.03559,1.00,1.00
2017.01.10 12:10:07.465,9.03407,9.03546,1.00,1.00
2017.01.10 12:10:07.534,9.03402,9.03541,1.00,1.00
2017.01.10 12:10:08.517,9.03398,9.03537,1.00,1.00
2017.01.10 12:10:08.801,9.03403,9.03566,1.00,1.00
2017.01.10 12:10:08.852,9.03426,9.03569,1.00,1.00
2017.01.10 12:10:09.831,9.03417,9.03567,1.00,1.00
2017.01.10 12:10:09.882,9.03407,9.03546,1.00,1.00
2017.01.10 12:10:10.474,9.03422,9.03561,1.00,1.00
2017.01.10 12:10:10.777,9.03411,9.0355,1.00,1.00
2017.01.10 12:10:13.624,9.03409,9.03548,1.00,1.00
2017.01.10 12:10:15.745,9.03405,9.03545,1.00,1.00
2017.01.10 12:10:16.745,9.03402,9.0354,1.00,1.00
2017.01.10 12:10:17.528,9.03393,9.03533,1.00,1.00
2017.01.10 12:10:17.680,9.03385,9.03524,1.00,1.00
2017.01.10 12:10:18.050,9.03346,9.03485,1.00,1.00
2017.01.10 12:10:18.788,9.03347,9.03486,1.00,1.00
2017.01.10 12:10:20.885,9.03349,9.03486,1.00,1.00
2017.01.10 12:10:22.190,9.03325,9.03462,1.00,1.00
2017.01.10 12:10:22.241,9.0332,9.03482,1.00,1.00
2017.01.10 12:10:22.292,9.03298,9.0343,1.00,1.00
2017.01.10 12:10:22.443,9.03293,9.0343,1.00,1.00
2017.01.10 12:10:23.147,9.03318,9.03453,1.00,1.00
2017.01.10 12:10:28.019,9.03311,9.03448,1.00,1.00
2017.01.10 12:10:28.420,9.03301,9.03438,1.00,1.00
2017.01.10 12:10:30.732,9.03292,9.03432,1.00,1.00
2017.01.10 12:10:31.061,9.033,9.0344,1.00,1.00
2017.01.10 12:10:33.710,9.0331,9.03448,1.00,1.00
2017.01.10 12:10:33.811,9.03314,9.03454,1.00,1.00
2017.01.10 12:10:33.862,9.03321,9.03461,1.00,1.00
2017.01.10 12:10:34.165,9.03344,9.03484,1.00,1.00
2017.01.10 12:10:34.800,9.03337,9.03477,1.00,1.00
2017.01.10 12:10:35.184,9.03325,9.03465,1.00,1.00
2017.01.10 12:10:36.204,9.03319,9.03459,1.00,1.00
2017.01.10 12:10:36.323,9.03323,9.03465,1.00,1.00
2017.01.10 12:10:36.374,9.0334,9.03477,1.00,1.00
2017.01.10 12:10:36.619,9.0335,9.0349,1.00,1.00
2017.01.10 12:10:37.722,9.03345,9.03485,1.00,1.00
2017.01.10 12:10:38.742,9.03347,9.03487,1.00,1.00
2017.01.10 12:10:39.348,9.03331,9.03471,1.00,1.00
2017.01.10 12:10:39.450,9.0332,9.03461,1.00,1.00
2017.01.10 12:10:39.602,9.03307,9.03446,1.00,1.00
2017.01.10 12:10:40.768,9.03306,9.03445,1.00,1.00
2017.01.10 12:10:41.242,9.03312,9.0345,1.00,1.00
2017.01.10 12:10:41.798,9.03312,9.03452,1.00,1.00
2017.01.10 12:10:42.046,9.03317,9.03456,1.00,1.00
2017.01.10 12:10:43.028,9.03317,9.03457,1.00,1.00
2017.01.10 12:10:43.509,9.03315,9.03454,1.00,1.00
2017.01.10 12:10:44.483,9.03315,9.03455,1.00,1.00
2017.01.10 12:10:45.851,9.03325,9.03465,1.00,1.00
2017.01.10 12:10:46.192,9.0333,9.0347,1.00,1.00
2017.01.10 12:10:46.506,9.03319,9.03459,1.00,1.00
2017.01.10 12:10:47.199,9.0334,9.03479,1.00,1.00
2017.01.10 12:10:47.548,9.0334,9.03479,1.00,1.15
2017.01.10 12:10:48.162,9.03338,9.03478,1.00,1.15
2017.01.10 12:10:48.646,9.03321,9.03459,1.00,1.15
2017.01.10 12:10:48.697,9.03298,9.03435,1.50,1.00
2017.01.10 12:10:48.798,9.03328,9.03478,1.00,1.15
2017.01.10 12:10:49.017,9.03328,9.03478,1.00,1.00
2017.01.10 12:10:50.711,9.03323,9.03477,1.00,1.00
2017.01.10 12:10:52.434,9.03305,9.03459,1.00,1.00
2017.01.10 12:10:52.771,9.03314,9.03468,1.00,1.00
2017.01.10 12:10:53.074,9.03333,9.03487,1.00,1.00
2017.01.10 12:10:53.226,9.03344,9.03499,1.00,1.00
2017.01.10 12:10:54.427,9.03343,9.03516,1.00,1.00
2017.01.10 12:10:54.528,9.03368,9.03522,1.00,1.50
2017.01.10 12:10:54.864,9.03345,9.03499,1.00,1.00
2017.01.10 12:10:55.577,9.03353,9.03505,1.00,1.00
2017.01.10 12:10:56.283,9.03347,9.03501,1.00,1.00
2017.01.10 12:10:56.581,9.03353,9.03507,1.00,1.00
2017.01.10 12:10:57.037,9.03337,9.03473,1.00,1.00
2017.01.10 12:10:57.189,9.03321,9.03473,1.00,1.00
2017.01.10 12:10:57.391,9.03223,9.03492,1.37,1.00
2017.01.10 12:10:57.596,9.03223,9.03477,1.37,1.00
2017.01.10 12:10:58.326,9.0327,9.03424,1.00,1.00
2017.01.10 12:10:59.262,9.03271,9.03425,1.00,1.00
2017.01.10 12:11:00.809,9.03277,9.03424,1.00,1.00
2017.01.10 12:11:02.837,9.03265,9.03412,1.00,1.00
2017.01.10 12:11:03.775,9.03256,9.03404,1.00,1.00
2017.01.10 12:11:05.721,9.03258,9.03404,1.00,1.00
2017.01.10 12:11:07.132,9.03284,9.03431,1.00,1.00
2017.01.10 12:11:07.183,9.03268,9.03414,1.00,1.00
2017.01.10 12:11:08.114,9.03264,9.0341,1.00,1.00
2017.01.10 12:11:10.596,9.03257,9.03403,1.00,1.00
2017.01.10 12:11:10.647,9.03247,9.03394,1.00,1.00
2017.01.10 12:11:11.088,9.03256,9.03402,1.00,1.00
2017.01.10 12:11:11.605,9.03262,9.03409,1.00,1.00
2017.01.10 12:11:12.150,9.03263,9.0341,1.00,1.00
2017.01.10 12:11:13.252,9.03268,9.03416,1.00,1.00
2017.01.10 12:11:14.798,9.03262,9.0341,1.00,1.00
2017.01.10 12:11:15.816,9.03261,9.034,1.00,1.00
2017.01.10 12:11:17.558,9.03245,9.03385,1.00,1.00
2017.01.10 12:11:17.680,9.03252,9.03391,1.00,1.00
2017.01.10 12:11:18.050,9.03241,9.0338,1.00,1.00
2017.01.10 12:11:18.569,9.03248,9.03387,1.00,1.00
2017.01.10 12:11:18.931,9.03243,9.03382,1.00,1.00
2017.01.10 12:11:19.344,9.03251,9.03388,1.00,1.00
2017.01.10 12:11:19.566,9.0326,9.03399,1.00,1.00
2017.01.10 12:11:20.232,9.03255,9.03394,1.00,1.00
2017.01.10 12:11:20.899,9.03261,9.03398,1.00,1.00
2017.01.10 12:11:22.461,9.03268,9.03407,1.00,1.00
2017.01.10 12:11:22.613,9.03298,9.03437,1.00,1.00
2017.01.10 12:11:23.595,9.03304,9.03443,1.00,1.00
2017.01.10 12:11:28.228,9.03302,9.03441,1.00,1.00
2017.01.10 12:11:29.227,9.03302,9.0344,1.00,1.00
2017.01.10 12:11:30.846,9.03301,9.03438,1.00,1.00
2017.01.10 12:11:32.523,9.03289,9.03429,1.00,1.00
2017.01.10 12:11:32.675,9.03283,9.03422,1.00,1.00
2017.01.10 12:11:33.005,9.03266,9.03405,1.00,1.00
2017.01.10 12:11:33.748,9.03263,9.03402,1.00,1.00
2017.01.10 12:11:36.724,9.03259,9.03398,1.00,1.00
2017.01.10 12:11:38.863,9.03262,9.03401,1.00,1.00
2017.01.10 12:11:43.159,9.03256,9.03395,1.00,1.00
2017.01.10 12:11:43.752,9.03261,9.03401,1.00,1.00
2017.01.10 12:11:44.387,9.03273,9.03412,1.00,1.00
2017.01.10 12:11:44.690,9.03299,9.03438,1.00,1.00
2017.01.10 12:11:44.741,9.03291,9.03442,1.00,1.00
2017.01.10 12:11:44.791,9.03283,9.03423,1.00,1.00
2017.01.10 12:11:45.208,9.03301,9.0344,1.00,1.00
2017.01.10 12:11:46.051,9.03307,9.03446,1.00,1.00
2017.01.10 12:11:46.944,9.03311,9.0345,1.00,1.00
2017.01.10 12:11:47.557,9.03285,9.03451,1.00,1.00
2017.01.10 12:11:47.658,9.03295,9.03435,1.00,1.00
2017.01.10 12:11:47.979,9.03309,9.03448,1.00,1.00
2017.01.10 12:11:48.872,9.03313,9.03452,1.00,1.00
2017.01.10 12:11:50.504,9.03318,9.03457,1.00,1.00
2017.01.10 12:11:50.909,9.0333,9.03469,1.00,1.00
2017.01.10 12:11:50.960,9.03336,9.03476,1.00,1.00
2017.01.10 12:11:51.061,9.03349,9.03488,1.00,1.00
2017.01.10 12:11:51.448,9.03369,9.03506,1.00,1.00
2017.01.10 12:11:51.499,9.03382,9.03521,1.00,1.00
2017.01.10 12:11:52.020,9.0337,9.03497,1.00,1.00
2017.01.10 12:11:52.302,9.03348,9.03488,1.00,1.00
2017.01.10 12:11:52.462,9.03357,9.03496,1.00,1.00
2017.01.10 12:11:52.774,9.03367,9.03505,1.00,1.00
2017.01.10 12:11:53.266,9.03354,9.03493,1.00,1.00
2017.01.10 12:11:53.318,9.03345,9.03482,1.00,1.00
2017.01.10 12:11:53.520,9.03314,9.03453,1.00,1.00
2017.01.10 12:11:53.571,9.03308,9.03439,1.00,1.00
2017.01.10 12:11:53.876,9.033,9.03439,1.00,1.00
2017.01.10 12:11:54.529,9.03305,9.03444,1.00,1.00
2017.01.10 12:11:54.699,9.03286,9.03445,1.00,1.00
2017.01.10 12:11:55.002,9.0331,9.0347,1.00,1.00
2017.01.10 12:11:55.844,9.033,9.03439,1.00,1.00
2017.01.10 12:11:55.895,9.03306,9.03472,1.00,1.00
2017.01.10 12:11:55.996,9.03297,9.03437,1.00,1.00
2017.01.10 12:11:56.100,9.03303,9.03472,1.00,1.00
2017.01.10 12:11:56.935,9.03328,9.03496,1.00,1.00
2017.01.10 12:11:57.142,9.03319,9.03507,1.00,1.00
2017.01.10 12:11:57.192,9.03334,9.03503,1.00,1.00
2017.01.10 12:11:57.569,9.0332,9.03507,1.00,1.00
2017.01.10 12:11:57.620,9.03338,9.03507,1.00,1.00
2017.01.10 12:11:57.997,9.03331,9.03511,1.00,1.00
2017.01.10 12:11:58.099,9.03351,9.03511,1.00,1.00
2017.01.10 12:11:58.200,9.03351,9.0352,1.00,1.00
2017.01.10 12:11:58.436,9.03371,9.03529,1.00,1.00
2017.01.10 12:11:58.746,9.03385,9.03525,1.00,1.00
2017.01.10 12:12:00.501,9.03369,9.03509,1.00,1.00
2017.01.10 12:12:00.805,9.03375,9.03512,1.00,1.00
2017.01.10 12:12:00.956,9.03371,9.03522,1.00,1.00
2017.01.10 12:12:04.026,9.03376,9.03527,1.00,1.00
2017.01.10 12:12:05.901,9.03375,9.03525,1.00,1.00
2017.01.10 12:12:13.500,9.0337,9.03521,1.00,1.00
2017.01.10 12:12:16.054,9.03373,9.03512,1.00,1.00
2017.01.10 12:12:20.881,9.03369,9.03508,1.00,1.00
2017.01.10 12:12:23.988,9.03369,9.03509,1.00,1.00
2017.01.10 12:12:28.887,9.0337,9.03509,1.00,1.00
2017.01.10 12:12:30.968,9.03373,9.03512,1.00,1.00
2017.01.10 12:12:32.471,9.03358,9.03513,1.00,1.00
2017.01.10 12:12:32.583,9.03342,9.03479,1.00,1.00
2017.01.10 12:12:32.899,9.03336,9.03464,1.00,1.00
2017.01.10 12:12:33.285,9.03325,9.03464,1.00,1.00
2017.01.10 12:12:33.445,9.03331,9.03471,1.00,1.00
2017.01.10 12:12:36.601,9.03283,9.03509,1.00,1.00
2017.01.10 12:12:36.862,9.0333,9.03467,1.00,1.00
2017.01.10 12:12:38.632,9.03324,9.03461,1.00,1.00
2017.01.10 12:12:39.533,9.03224,9.03495,1.37,1.00
2017.01.10 12:12:39.643,9.0328,9.03419,1.00,1.00
2017.01.10 12:12:39.982,9.03285,9.03424,1.00,1.00
2017.01.10 12:12:40.648,9.03263,9.03402,1.00,1.00
2017.01.10 12:12:41.017,9.03258,9.03397,1.00,1.00
2017.01.10 12:12:43.035,9.03254,9.03391,1.00,1.00
2017.01.10 12:12:43.246,9.03244,9.03383,1.00,1.00
2017.01.10 12:12:43.448,9.03234,9.03373,1.00,1.00
2017.01.10 12:12:43.768,9.03225,9.03362,1.00,1.00
2017.01.10 12:12:44.481,9.03222,9.03361,1.00,1.00
2017.01.10 12:12:45.583,9.03238,9.03377,1.00,1.00
2017.01.10 12:12:46.040,9.03248,9.03387,1.00,1.00
2017.01.10 12:12:46.525,9.0327,9.03409,1.00,1.00
2017.01.10 12:12:46.847,9.03281,9.03418,1.00,1.00
2017.01.10 12:12:47.599,9.03278,9.03417,1.00,1.00
2017.01.10 12:12:48.542,9.03284,9.03424,1.00,1.00
2017.01.10 12:12:50.935,9.03287,9.03427,1.00,1.00
2017.01.10 12:12:52.822,9.03297,9.03436,1.00,1.00
2017.01.10 12:12:53.125,9.03337,9.03476,1.00,1.00
2017.01.10 12:12:53.954,9.03329,9.03468,1.00,1.00
2017.01.10 12:12:54.956,9.03328,9.03467,1.00,1.00
2017.01.10 12:12:56.669,9.03319,9.03458,1.00,1.00
2017.01.10 12:12:56.997,9.03314,9.03453,1.00,1.00
2017.01.10 12:12:57.048,9.03303,9.03461,1.00,1.00
2017.01.10 12:12:57.099,9.03284,9.03423,1.00,1.00
2017.01.10 12:12:57.402,9.03237,9.03376,1.00,1.00
2017.01.10 12:12:58.068,9.03253,9.03392,1.00,1.00
2017.01.10 12:12:58.567,9.03248,9.03387,1.00,1.00
2017.01.10 12:12:59.554,9.03245,9.03384,1.00,1.00
2017.01.10 12:13:00.364,9.03235,9.03374,1.00,1.00
2017.01.10 12:13:00.971,9.0324,9.03379,1.00,1.00
2017.01.10 12:13:01.218,9.03253,9.03396,1.00,1.00
2017.01.10 12:13:01.824,9.03253,9.03396,1.00,1.60
2017.01.10 12:13:02.148,9.03253,9.03366,1.00,1.00
2017.01.10 12:13:02.528,9.03253,9.03355,1.00,1.00
2017.01.10 12:13:02.720,9.03143,9.03355,1.00,1.00
2017.01.10 12:13:03.169,9.03145,9.03294,1.00,1.00
2017.01.10 12:13:03.851,9.03151,9.033,1.00,1.00
2017.01.10 12:13:04.080,9.03176,9.03326,1.00,1.00
2017.01.10 12:13:04.383,9.03163,9.03376,1.00,1.00
2017.01.10 12:13:04.433,9.03173,9.03322,1.00,1.00
2017.01.10 12:13:04.584,9.03159,9.03309,1.00,1.00
2017.01.10 12:13:04.738,9.03143,9.03292,1.00,1.00
2017.01.10 12:13:05.497,9.03132,9.03281,1.00,1.00
2017.01.10 12:13:05.650,9.03112,9.03262,1.00,1.00
2017.01.10 12:13:05.751,9.03103,9.03251,1.00,1.00
2017.01.10 12:13:06.338,9.03103,9.03241,1.00,1.00
2017.01.10 12:13:06.389,9.03092,9.03241,1.00,1.00
2017.01.10 12:13:06.537,9.03102,9.03252,1.00,1.00
2017.01.10 12:13:06.689,9.0311,9.03259,1.00,1.00
2017.01.10 12:13:06.994,9.03129,9.03277,1.00,1.00
2017.01.10 12:13:07.146,9.03139,9.03289,1.00,1.00
2017.01.10 12:13:07.923,9.03134,9.03283,1.00,1.00
2017.01.10 12:13:09.031,9.0313,9.03278,1.00,1.00
2017.01.10 12:13:12.656,9.03144,9.03293,1.00,1.00
2017.01.10 12:13:12.808,9.03155,9.03304,1.00,1.00
2017.01.10 12:13:13.538,9.03157,9.03304,1.00,1.00
2017.01.10 12:13:14.562,9.0316,9.03308,1.00,1.00
2017.01.10 12:13:15.312,9.0316,9.03285,1.00,1.00
2017.01.10 12:13:16.109,9.03162,9.03285,1.00,1.00
2017.01.10 12:13:17.538,9.03168,9.03285,1.00,1.00
2017.01.10 12:13:17.793,9.03181,9.03313,1.00,1.00
2017.01.10 12:13:18.622,9.03184,9.03313,1.00,1.00
2017.01.10 12:13:19.151,9.03173,9.03313,1.00,1.00
2017.01.10 12:13:19.252,9.03164,9.03312,1.00,1.00
2017.01.10 12:13:19.303,9.03164,9.03294,1.00,1.00
2017.01.10 12:13:19.354,9.03153,9.03294,1.00,1.00
2017.01.10 12:13:19.404,9.03142,9.0327,1.00,1.00
2017.01.10 12:13:21.034,9.03146,9.0327,1.00,1.00
2017.01.10 12:13:22.223,9.03141,9.0327,1.00,1.00
2017.01.10 12:13:23.231,9.03143,9.0327,1.00,1.00
2017.01.10 12:13:24.223,9.0314,9.0327,1.00,1.00
2017.01.10 12:13:26.549,9.03147,9.0327,1.00,1.00
2017.01.10 12:13:26.896,9.03149,9.0327,1.00,1.00
2017.01.10 12:13:27.206,9.03104,9.0327,1.00,1.60
2017.01.10 12:13:27.257,9.03104,9.03251,1.00,1.60
2017.01.10 12:13:27.580,9.03058,9.03177,1.00,1.00
2017.01.10 12:13:27.945,9.03061,9.03177,1.00,1.00
2017.01.10 12:13:28.684,9.03063,9.03177,1.00,1.00
2017.01.10 12:13:29.684,9.0306,9.03177,1.00,1.00
2017.01.10 12:13:29.797,9.03038,9.03177,1.00,1.00
2017.01.10 12:13:29.848,9.03037,9.03155,1.00,1.00
2017.01.10 12:13:29.899,9.03012,9.03145,1.00,1.00
2017.01.10 12:13:29.950,9.0299,9.03103,1.00,1.00
2017.01.10 12:13:30.065,9.0298,9.03103,1.00,1.00
2017.01.10 12:13:30.373,9.02994,9.03103,1.00,1.00
2017.01.10 12:13:30.424,9.02969,9.03112,1.00,1.00
2017.01.10 12:13:30.475,9.02969,9.03098,1.00,1.00
2017.01.10 12:13:30.930,9.02952,9.03095,1.22,1.00
2017.01.10 12:13:30.981,9.02952,9.03095,1.00,1.00
2017.01.10 12:13:31.387,9.02958,9.03098,1.00,1.00
2017.01.10 12:13:34.820,9.02964,9.03098,1.00,1.00
2017.01.10 12:13:34.870,9.02958,9.03098,1.00,1.00
2017.01.10 12:13:35.616,9.0296,9.03098,1.00,1.00
2017.01.10 12:13:36.493,9.02967,9.03098,1.00,1.00
2017.01.10 12:13:37.460,9.0297,9.03098,1.00,1.00
2017.01.10 12:13:37.675,9.02966,9.03098,1.00,1.00
2017.01.10 12:13:38.611,9.02963,9.03098,1.00,1.00
2017.01.10 12:13:38.781,9.02967,9.03098,1.00,1.00
2017.01.10 12:13:39.771,9.0297,9.03098,1.00,1.00
2017.01.10 12:13:41.710,9.02965,9.03098,1.00,1.00
2017.01.10 12:13:41.859,9.02971,9.03098,1.00,1.00
2017.01.10 12:13:44.075,9.02974,9.03098,1.00,1.00
2017.01.10 12:13:44.488,9.02959,9.03098,1.00,1.50
2017.01.10 12:13:44.539,9.02948,9.03087,1.00,1.00
2017.01.10 12:13:44.847,9.02955,9.0307,1.00,1.00
2017.01.10 12:13:45.786,9.02949,9.0307,1.00,1.00
2017.01.10 12:13:45.837,9.02936,9.0307,1.00,1.00
2017.01.10 12:13:46.800,9.0293,9.0307,1.00,1.50
2017.01.10 12:13:47.904,9.02917,9.0307,1.00,1.00
2017.01.10 12:13:48.053,9.02908,9.03044,1.00,1.00
2017.01.10 12:13:48.917,9.02914,9.03044,1.00,1.00
2017.01.10 12:13:49.357,9.02904,9.03044,1.00,1.50
2017.01.10 12:13:49.408,9.02893,9.03022,1.00,1.00
2017.01.10 12:13:49.983,9.02892,9.03022,1.00,1.00
2017.01.10 12:13:50.272,9.0289,9.03022,1.00,1.00
2017.01.10 12:13:51.275,9.02892,9.03022,1.00,1.00
2017.01.10 12:13:51.608,9.02898,9.03022,1.00,1.00
2017.01.10 12:13:51.963,9.02906,9.03022,1.00,1.00
2017.01.10 12:13:52.681,9.02902,9.03022,1.00,1.00
2017.01.10 12:13:53.022,9.02907,9.03022,1.00,1.00
2017.01.10 12:13:53.334,9.02898,9.03022,1.00,1.00
2017.01.10 12:13:53.486,9.02879,9.03016,1.00,1.00
2017.01.10 12:13:53.537,9.02868,9.03005,1.00,1.00
2017.01.10 12:13:53.881,9.02854,9.02991,1.00,1.00
2017.01.10 12:13:54.203,9.02844,9.02981,1.00,1.00
2017.01.10 12:13:55.114,9.02807,9.0296,1.00,1.00
2017.01.10 12:13:55.316,9.02794,9.02931,1.00,1.00
2017.01.10 12:13:55.475,9.02787,9.02937,1.00,1.00
2017.01.10 12:13:55.526,9.02775,9.02943,1.00,1.00
2017.01.10 12:13:56.030,9.02783,9.0292,1.00,1.00
2017.01.10 12:13:56.450,9.02777,9.02915,1.00,1.00
2017.01.10 12:13:56.832,9.02784,9.02921,1.00,1.00
2017.01.10 12:13:58.894,9.02784,9.02921,1.00,1.60
2017.01.10 12:13:58.944,9.02739,9.02921,1.00,1.60
2017.01.10 12:13:58.995,9.02739,9.02893,1.00,1.00
2017.01.10 12:13:59.046,9.0273,9.02886,1.00,1.00
2017.01.10 12:13:59.097,9.0273,9.02855,1.00,1.00
2017.01.10 12:13:59.248,9.02736,9.02874,1.00,1.00
2017.01.10 12:13:59.909,9.0273,9.02869,1.00,1.00
2017.01.10 12:14:00.450,9.02742,9.02877,1.00,1.00
2017.01.10 12:14:00.602,9.02778,9.02914,1.00,1.00
2017.01.10 12:14:01.119,9.02778,9.02915,1.00,1.00
2017.01.10 12:14:01.170,9.02781,9.02932,1.00,1.50
2017.01.10 12:14:01.657,9.02803,9.02932,1.00,1.00
2017.01.10 12:14:01.865,9.02823,9.02956,1.00,1.00
2017.01.10 12:14:01.981,9.02823,9.02974,1.00,1.00
2017.01.10 12:14:02.246,9.02806,9.0297,1.00,1.00
2017.01.10 12:14:02.347,9.02776,9.02895,1.00,1.00
2017.01.10 12:14:02.398,9.02765,9.02895,1.00,1.00
2017.01.10 12:14:02.549,9.02755,9.02895,1.00,1.00
2017.01.10 12:14:03.364,9.0277,9.02895,1.00,1.00
2017.01.10 12:14:03.415,9.02763,9.02895,1.00,1.00
2017.01.10 12:14:04.149,9.02777,9.02919,1.00,1.00
2017.01.10 12:14:04.250,9.02791,9.02919,1.00,1.00
2017.01.10 12:14:04.301,9.02791,9.02933,1.00,1.00
2017.01.10 12:14:04.352,9.02813,9.02965,1.00,1.00
2017.01.10 12:14:04.402,9.02836,9.02965,1.00,1.00
2017.01.10 12:14:04.655,9.0285,9.02984,1.00,1.00
2017.01.10 12:14:06.107,9.02855,9.02984,1.00,1.00
2017.01.10 12:14:06.475,9.02866,9.02984,1.00,1.00
2017.01.10 12:14:07.409,9.02867,9.02984,1.00,1.00
2017.01.10 12:14:07.837,9.02832,9.02984,1.00,1.00
2017.01.10 12:14:07.888,9.02814,9.02959,1.00,1.00
2017.01.10 12:14:08.394,9.02815,9.02959,1.00,1.00
2017.01.10 12:14:08.699,9.0284,9.02959,1.00,1.00
2017.01.10 12:14:08.800,9.02851,9.02988,1.00,1.00
2017.01.10 12:14:08.851,9.02875,9.02988,1.00,1.00
2017.01.10 12:14:08.903,9.02875,9.02993,1.00,1.00
2017.01.10 12:14:09.004,9.02858,9.02993,1.00,1.00
2017.01.10 12:14:09.055,9.02858,9.03012,1.00,1.00
2017.01.10 12:14:09.106,9.02872,9.03012,1.00,1.00
2017.01.10 12:14:09.359,9.02856,9.03012,1.00,1.00
2017.01.10 12:14:09.652,9.02834,9.0299,1.00,1.00
2017.01.10 12:14:09.960,9.02819,9.02961,1.00,1.00
2017.01.10 12:14:10.196,9.02819,9.02977,1.00,1.00
2017.01.10 12:14:10.711,9.02817,9.02975,1.00,1.00
2017.01.10 12:14:11.361,9.02812,9.0297,1.00,1.00
2017.01.10 12:14:11.681,9.02832,9.02988,1.00,1.00
2017.01.10 12:14:11.732,9.02821,9.02979,1.00,1.00
2017.01.10 12:14:11.937,9.02806,9.02964,1.00,1.00
2017.01.10 12:14:12.268,9.02796,9.02954,1.00,1.00
2017.01.10 12:14:12.923,9.02785,9.02943,1.00,1.00
2017.01.10 12:14:13.255,9.02811,9.02969,1.00,1.00
2017.01.10 12:14:14.087,9.02832,9.02979,1.00,1.00
2017.01.10 12:14:14.289,9.02842,9.03,1.00,1.00
2017.01.10 12:14:14.736,9.02829,9.02987,1.00,1.00
2017.01.10 12:14:15.095,9.02824,9.02982,1.00,1.00
2017.01.10 12:14:15.618,9.02832,9.0299,1.00,1.00
2017.01.10 12:14:16.353,9.02846,9.02985,1.00,1.00
2017.01.10 12:14:17.352,9.02846,9.02983,1.00,1.00
2017.01.10 12:14:19.766,9.02803,9.02982,1.00,1.00
2017.01.10 12:14:19.817,9.02803,9.02958,1.00,1.60
2017.01.10 12:14:20.120,9.02792,9.02876,1.00,1.00
2017.01.10 12:14:20.170,9.02737,9.02876,1.00,1.00
2017.01.10 12:14:20.322,9.02766,9.02905,1.00,1.00
2017.01.10 12:14:20.809,9.02744,9.02884,1.00,1.00
2017.01.10 12:14:21.318,9.02739,9.02878,1.00,1.00
2017.01.10 12:14:21.771,9.02744,9.02883,1.00,1.00
2017.01.10 12:14:22.371,9.02736,9.02876,1.00,1.00
2017.01.10 12:14:23.532,9.02727,9.02866,1.00,1.00
2017.01.10 12:14:23.835,9.02713,9.02852,1.00,1.00
2017.01.10 12:14:24.623,9.02703,9.0284,1.00,1.00
2017.01.10 12:14:25.480,9.02699,9.02852,1.00,1.00
2017.01.10 12:14:25.531,9.02727,9.02866,1.00,1.00
2017.01.10 12:14:25.834,9.02734,9.02873,1.00,1.00
2017.01.10 12:14:26.305,9.02694,9.02846,1.00,1.00
2017.01.10 12:14:26.356,9.0269,9.02833,1.00,1.00
2017.01.10 12:14:26.696,9.0269,9.02765,1.00,1.00
2017.01.10 12:14:27.069,9.02626,9.02765,1.00,1.00
2017.01.10 12:14:27.342,9.02637,9.02776,1.00,1.00
2017.01.10 12:14:27.443,9.02653,9.02793,1.00,1.00
2017.01.10 12:14:29.126,9.02657,9.02796,1.00,1.00
2017.01.10 12:14:29.809,9.02646,9.02785,1.00,1.00
2017.01.10 12:14:31.225,9.02648,9.02788,1.00,1.00
2017.01.10 12:14:31.557,9.02642,9.02781,1.00,1.00
2017.01.10 12:14:32.625,9.02648,9.02788,1.00,1.00
2017.01.10 12:14:33.229,9.02653,9.02792,1.00,1.00
2017.01.10 12:14:33.739,9.02665,9.02802,1.00,1.00
2017.01.10 12:14:33.840,9.02676,9.02815,1.00,1.00
2017.01.10 12:14:34.298,9.02683,9.02822,1.00,1.37
2017.01.10 12:14:35.266,9.02683,9.02822,1.00,1.00
2017.01.10 12:14:36.163,9.02678,9.02817,1.00,1.00
2017.01.10 12:14:39.448,9.02673,9.02813,1.00,1.00
2017.01.10 12:14:39.798,9.02666,9.02805,1.00,1.00
2017.01.10 12:14:40.458,9.02671,9.0281,1.00,1.00
2017.01.10 12:14:40.730,9.02696,9.02836,1.00,1.00
2017.01.10 12:14:41.034,9.02715,9.02855,1.00,1.00
2017.01.10 12:14:41.343,9.02738,9.02877,1.00,1.00
2017.01.10 12:14:42.369,9.02728,9.02867,1.00,1.00
2017.01.10 12:14:42.834,9.02734,9.02873,1.00,1.00
2017.01.10 12:14:44.004,9.02729,9.02869,1.00,1.00
2017.01.10 12:14:44.161,9.02724,9.02863,1.00,1.00
2017.01.10 12:14:44.698,9.02735,9.02874,1.00,1.00
2017.01.10 12:14:46.078,9.02742,9.02881,1.00,1.00
2017.01.10 12:14:46.381,9.0274,9.02879,1.00,1.00
2017.01.10 12:14:47.142,9.02749,9.02886,1.00,1.00
2017.01.10 12:14:48.244,9.02752,9.02891,1.00,1.00
2017.01.10 12:14:49.346,9.02777,9.02916,1.00,1.00
2017.01.10 12:14:49.800,9.02768,9.02991,1.00,1.00
2017.01.10 12:14:49.958,9.02761,9.02991,1.00,1.00
2017.01.10 12:14:50.110,9.02788,9.02991,1.00,1.00
2017.01.10 12:14:50.161,9.02791,9.03021,1.00,1.97
2017.01.10 12:14:50.510,9.02805,9.03021,1.00,1.97
2017.01.10 12:14:50.561,9.02805,9.03021,1.00,1.37
2017.01.10 12:14:50.611,9.02818,9.03048,1.00,1.87
2017.01.10 12:14:50.954,9.02868,9.03007,1.00,1.00
2017.01.10 12:14:51.732,9.0287,9.03009,1.00,1.00
2017.01.10 12:14:52.464,9.02843,9.02983,1.00,1.00
2017.01.10 12:14:52.871,9.0279,9.03019,1.00,1.60
2017.01.10 12:14:53.517,9.02827,9.02966,1.00,1.00
2017.01.10 12:14:54.548,9.02828,9.02968,1.00,1.00
2017.01.10 12:14:55.227,9.0282,9.0296,1.00,1.00
2017.01.10 12:14:55.548,9.02782,9.02921,1.00,1.00
2017.01.10 12:14:55.852,9.0282,9.02959,1.00,1.00
2017.01.10 12:14:56.162,9.02838,9.02977,1.00,1.00
2017.01.10 12:14:56.829,9.02829,9.02968,1.00,1.00
2017.01.10 12:14:57.738,9.02834,9.02973,1.00,1.00
2017.01.10 12:14:58.151,9.02834,9.02973,1.00,1.60
2017.01.10 12:14:58.329,9.02742,9.02966,1.00,1.60
2017.01.10 12:14:58.481,9.02791,9.02961,1.00,1.60
2017.01.10 12:14:58.784,9.02777,9.02919,1.00,1.60
2017.01.10 12:14:59.030,9.02708,9.02919,1.00,1.60
2017.01.10 12:14:59.344,9.02752,9.02922,1.00,1.60
2017.01.10 12:14:59.854,9.02758,9.02928,1.00,2.10
2017.01.10 12:15:00.375,9.02763,9.02928,1.00,1.60
2017.01.10 12:15:01.411,9.02762,9.02928,1.00,1.60
2017.01.10 12:15:01.734,9.02762,9.02928,1.00,1.00
2017.01.10 12:15:01.996,9.02752,9.02918,1.00,1.00
2017.01.10 12:15:02.361,9.02752,9.0292,1.00,1.00
2017.01.10 12:15:03.019,9.02753,9.02922,1.00,1.00
2017.01.10 12:15:03.372,9.02758,9.02928,1.00,1.00
2017.01.10 12:15:03.423,9.02786,9.02928,1.00,1.00
2017.01.10 12:15:03.677,9.02786,9.02955,1.00,1.00
2017.01.10 12:15:04.114,9.02799,9.02967,1.00,1.00
2017.01.10 12:15:04.499,9.02793,9.02962,1.00,1.00
2017.01.10 12:15:05.227,9.028,9.02967,1.00,1.00
2017.01.10 12:15:06.195,9.02795,9.02964,1.00,1.00
2017.01.10 12:15:06.246,9.02784,9.02953,1.00,1.00
2017.01.10 12:15:06.581,9.02792,9.02956,1.00,1.00
2017.01.10 12:15:07.318,9.02796,9.0296,1.00,1.12
2017.01.10 12:15:08.173,9.02803,9.02967,1.00,1.50
2017.01.10 12:15:08.684,9.02797,9.02961,1.00,1.00
2017.01.10 12:15:09.292,9.02788,9.02927,1.00,1.00
2017.01.10 12:15:09.730,9.02776,9.02915,1.00,1.00
2017.01.10 12:15:10.033,9.02751,9.02886,1.00,1.00
2017.01.10 12:15:10.285,9.02751,9.0292,1.00,1.37
2017.01.10 12:15:10.805,9.02745,9.02916,1.00,1.00
2017.01.10 12:15:12.161,9.0274,9.0291,1.00,1.00
2017.01.10 12:15:12.240,9.02732,9.02903,1.00,1.00
2017.01.10 12:15:12.341,9.02718,9.02886,1.00,1.60
2017.01.10 12:15:12.392,9.02705,9.02875,1.00,1.00
2017.01.10 12:15:12.882,9.02705,9.02868,1.00,1.00
2017.01.10 12:15:13.108,9.02694,9.02865,1.00,1.00
2017.01.10 12:15:13.429,9.027,9.02868,1.00,1.00
2017.01.10 12:15:14.524,9.02702,9.02868,1.00,1.00
2017.01.10 12:15:16.366,9.02708,9.02868,1.00,1.00
2017.01.10 12:15:17.254,9.02717,9.02868,1.00,1.00
2017.01.10 12:15:17.305,9.02717,9.02881,1.00,1.00
2017.01.10 12:15:18.591,9.02712,9.02876,1.00,1.00
2017.01.10 12:15:21.231,9.02712,9.02873,1.00,1.00
2017.01.10 12:15:22.418,9.02706,9.02867,1.00,1.00
2017.01.10 12:15:22.742,9.02735,9.02896,1.00,1.00
2017.01.10 12:15:23.252,9.02747,9.02901,1.00,1.00
2017.01.10 12:15:23.744,9.02751,9.02901,1.00,1.00
2017.01.10 12:15:24.105,9.02772,9.02902,1.00,1.00
2017.01.10 12:15:24.207,9.02789,9.02922,1.00,1.00
2017.01.10 12:15:24.258,9.02789,9.0295,1.00,1.37
2017.01.10 12:15:24.359,9.02773,9.02933,1.00,1.00
2017.01.10 12:15:25.379,9.02777,9.02937,1.00,1.00
2017.01.10 12:15:25.430,9.02782,9.02943,1.00,1.00
2017.01.10 12:15:26.354,9.02787,9.02948,1.00,1.00
2017.01.10 12:15:27.753,9.02794,9.02954,1.00,1.50
2017.01.10 12:15:28.448,9.02806,9.02954,1.00,1.00
2017.01.10 12:15:29.218,9.02795,9.02954,1.00,1.00
2017.01.10 12:15:29.269,9.02789,9.02949,1.00,1.00
2017.01.10 12:15:29.320,9.02799,9.02938,1.00,1.00
2017.01.10 12:15:30.408,9.02803,9.02942,1.00,1.00
2017.01.10 12:15:31.273,9.02809,9.02948,1.00,1.00
2017.01.10 12:15:31.328,9.02803,9.02953,1.00,1.00
2017.01.10 12:15:32.312,9.02791,9.02932,1.00,1.00
2017.01.10 12:15:32.614,9.02745,9.02884,1.00,1.00
2017.01.10 12:15:32.917,9.02763,9.02902,1.00,1.00
2017.01.10 12:15:33.544,9.02773,9.02912,1.00,1.00
2017.01.10 12:15:34.000,9.02766,9.02905,1.00,1.00
2017.01.10 12:15:35.001,9.0277,9.0291,1.00,1.00
2017.01.10 12:15:36.285,9.02771,9.0291,1.00,1.00
2017.01.10 12:15:36.528,9.02758,9.02898,1.00,1.00
2017.01.10 12:15:36.579,9.02735,9.02902,1.00,1.00
2017.01.10 12:15:36.680,9.02735,9.02871,1.00,1.00
2017.01.10 12:15:36.934,9.02731,9.02871,1.00,1.00
2017.01.10 12:15:37.274,9.02728,9.02883,1.00,1.00
2017.01.10 12:15:37.526,9.02714,9.02853,1.00,1.00
2017.01.10 12:15:37.876,9.02756,9.02894,1.00,1.00
2017.01.10 12:15:38.703,9.02763,9.029,1.00,1.00
2017.01.10 12:15:38.881,9.02757,9.02895,1.00,1.00
2017.01.10 12:15:38.932,9.02745,9.02882,1.00,1.00
2017.01.10 12:15:39.033,9.02729,9.02885,1.00,1.00
2017.01.10 12:15:39.916,9.02724,9.02861,1.00,1.00
2017.01.10 12:15:40.020,9.0273,9.02885,1.00,1.00
2017.01.10 12:15:40.222,9.02749,9.02887,1.00,1.00
2017.01.10 12:15:41.213,9.02753,9.0289,1.00,1.00
2017.01.10 12:15:41.553,9.02755,9.02892,1.00,1.00
2017.01.10 12:15:42.230,9.02762,9.02899,1.00,1.00
2017.01.10 12:15:42.552,9.02749,9.02886,1.00,1.00
2017.01.10 12:15:42.855,9.02723,9.02858,1.00,1.00
2017.01.10 12:15:43.006,9.02706,9.02843,1.00,1.00
2017.01.10 12:15:43.057,9.02724,9.02862,1.00,1.00
2017.01.10 12:15:43.546,9.02715,9.02852,1.00,1.00
2017.01.10 12:15:44.293,9.02708,9.02845,1.00,1.00
2017.01.10 12:15:44.343,9.02706,9.02845,1.00,1.00
2017.01.10 12:15:46.354,9.02703,9.02842,1.00,1.00
2017.01.10 12:15:47.973,9.02729,9.02867,1.00,1.00
2017.01.10 12:15:48.521,9.02729,9.02868,1.00,1.00
2017.01.10 12:15:48.970,9.02737,9.02876,1.00,1.00
2017.01.10 12:15:49.413,9.02744,9.02883,1.00,1.00
2017.01.10 12:15:51.288,9.02743,9.02882,1.00,1.00
2017.01.10 12:15:54.376,9.02741,9.0288,1.00,1.00
2017.01.10 12:15:55.329,9.02746,9.02886,1.00,1.00
2017.01.10 12:15:56.285,9.02747,9.02887,1.00,1.00
2017.01.10 12:15:59.011,9.02747,9.02841,1.00,2.10
2017.01.10 12:15:59.062,9.02713,9.02841,1.00,2.10
2017.01.10 12:15:59.112,9.02713,9.02799,1.00,1.37
2017.01.10 12:15:59.163,9.02693,9.02786,1.00,1.37
2017.01.10 12:15:59.214,9.02654,9.02786,1.00,1.37
2017.01.10 12:15:59.315,9.02654,9.02736,1.00,1.00
2017.01.10 12:15:59.366,9.02634,9.02736,1.00,1.00
2017.01.10 12:15:59.467,9.02634,9.02719,1.00,1.00
2017.01.10 12:15:59.518,9.02594,9.02719,1.00,1.00
2017.01.10 12:15:59.670,9.02574,9.02701,1.00,1.00
2017.01.10 12:15:59.721,9.02561,9.02701,1.00,1.00
2017.01.10 12:16:00.670,9.02559,9.02698,1.00,1.00
2017.01.10 12:16:00.918,9.02553,9.02693,1.00,1.00
2017.01.10 12:16:01.019,9.02552,9.0268,1.00,1.00
2017.01.10 12:16:01.070,9.02546,9.0268,1.00,1.00
2017.01.10 12:16:01.122,9.02546,9.0267,1.00,1.00
2017.01.10 12:16:01.172,9.02531,9.0267,1.00,1.00
2017.01.10 12:16:01.366,9.0252,9.02659,1.00,1.00
2017.01.10 12:16:01.928,9.02543,9.02683,1.00,1.00
2017.01.10 12:16:02.079,9.02558,9.02697,1.00,1.00
2017.01.10 12:16:02.723,9.02556,9.02697,1.00,1.00
2017.01.10 12:16:03.575,9.02547,9.02688,1.00,1.00
2017.01.10 12:16:03.676,9.02523,9.02665,1.00,1.00
2017.01.10 12:16:04.307,9.02519,9.02657,1.00,1.00
2017.01.10 12:16:04.678,9.02519,9.02631,1.00,1.00
2017.01.10 12:16:05.114,9.02519,9.0262,1.00,1.00
2017.01.10 12:16:05.417,9.02519,9.02588,1.00,1.00
2017.01.10 12:16:05.742,9.02519,9.02585,1.00,1.00
2017.01.10 12:16:05.947,9.02458,9.02584,1.00,1.00
2017.01.10 12:16:06.871,9.02458,9.02582,1.00,1.00
2017.01.10 12:16:07.457,9.02458,9.02593,1.00,1.00
2017.01.10 12:16:09.116,9.02458,9.02593,1.00,1.29
2017.01.10 12:16:10.415,9.02458,9.02593,1.00,1.00
2017.01.10 12:16:11.296,9.02458,9.02594,1.00,1.00
2017.01.10 12:16:13.918,9.02458,9.02588,1.00,1.00
2017.01.10 12:16:14.232,9.02458,9.02599,1.00,1.00
2017.01.10 12:16:14.891,9.02455,9.02603,1.00,1.00
2017.01.10 12:16:14.942,9.02455,9.02588,1.00,1.00
2017.01.10 12:16:15.245,9.02455,9.0253,1.00,1.00
2017.01.10 12:16:15.925,9.02393,9.0253,1.00,1.00
2017.01.10 12:16:16.117,9.02388,9.02525,1.00,1.00
2017.01.10 12:16:17.132,9.0239,9.02527,1.00,1.00
2017.01.10 12:16:19.482,9.02393,9.02531,1.00,1.00
2017.01.10 12:16:21.262,9.02416,9.02553,1.00,1.00
2017.01.10 12:16:21.565,9.02432,9.02569,1.00,1.00
2017.01.10 12:16:22.224,9.02426,9.02563,1.00,1.00
2017.01.10 12:16:22.608,9.02417,9.02555,1.00,1.00
2017.01.10 12:16:23.226,9.02423,9.02561,1.00,1.00
2017.01.10 12:16:23.758,9.0244,9.02577,1.00,1.00
2017.01.10 12:16:24.744,9.02441,9.02578,1.00,1.00
2017.01.10 12:16:26.925,9.02449,9.02584,1.00,1.00
2017.01.10 12:16:27.555,9.02464,9.02601,1.00,1.00
2017.01.10 12:16:27.623,9.02475,9.02613,1.00,1.00
2017.01.10 12:16:27.724,9.02462,9.026,1.00,1.00
2017.01.10 12:16:28.295,9.02473,9.0261,1.00,1.00
2017.01.10 12:16:29.027,9.02515,9.0265,1.60,1.29
2017.01.10 12:16:29.128,9.02544,9.0267,1.35,1.00
2017.01.10 12:16:29.179,9.02567,9.02696,1.00,1.00
2017.01.10 12:16:29.280,9.02591,9.02696,1.00,1.00
2017.01.10 12:16:29.331,9.02591,9.02716,1.00,1.29
2017.01.10 12:16:29.583,9.02612,9.02728,1.00,1.29
2017.01.10 12:16:29.755,9.02612,9.02728,1.00,1.00
2017.01.10 12:16:29.806,9.02591,9.02728,1.00,1.00
2017.01.10 12:16:30.068,9.02613,9.0275,1.00,1.00
2017.01.10 12:16:31.047,9.02609,9.02746,1.00,1.00
2017.01.10 12:16:31.451,9.02603,9.0274,1.00,1.00
2017.01.10 12:16:32.311,9.02593,9.02739,1.00,1.00
2017.01.10 12:16:32.362,9.0256,9.02699,1.00,1.29
2017.01.10 12:16:32.413,9.0254,9.02664,1.00,1.29
2017.01.10 12:16:32.564,9.02536,9.02684,1.00,1.29
2017.01.10 12:16:32.615,9.02523,9.02684,1.00,1.29
2017.01.10 12:16:32.666,9.02555,9.02692,1.00,1.00
2017.01.10 12:16:32.818,9.02567,9.02692,1.00,1.00
2017.01.10 12:16:32.868,9.02579,9.02716,1.00,1.00
2017.01.10 12:16:33.391,9.0258,9.02719,1.00,1.00
2017.01.10 12:16:33.492,9.02589,9.0273,1.00,1.00
2017.01.10 12:16:33.593,9.02599,9.0274,1.00,1.00
2017.01.10 12:16:33.896,9.02612,9.02751,1.00,1.00
2017.01.10 12:16:34.244,9.02593,9.02732,1.00,1.00
2017.01.10 12:16:34.496,9.02603,9.02743,1.00,1.00
2017.01.10 12:16:34.683,9.02623,9.02762,1.00,1.00
2017.01.10 12:16:34.987,9.0264,9.02779,1.00,1.00
2017.01.10 12:16:35.299,9.02633,9.02787,1.00,1.00
2017.01.10 12:16:35.350,9.02633,9.02741,1.00,1.29
2017.01.10 12:16:35.400,9.02593,9.02719,1.00,1.29
2017.01.10 12:16:35.652,9.02542,9.02709,1.00,1.00
2017.01.10 12:16:35.754,9.02588,9.02725,1.00,1.00
2017.01.10 12:16:36.392,9.02603,9.02742,1.00,1.00
2017.01.10 12:16:36.609,9.02596,9.02735,1.00,1.00
2017.01.10 12:16:36.926,9.02589,9.02728,1.00,1.00
2017.01.10 12:16:37.249,9.026,9.02739,1.00,1.00
2017.01.10 12:16:37.622,9.02611,9.0275,1.00,1.00
2017.01.10 12:16:37.774,9.0263,9.0277,1.00,1.00
2017.01.10 12:16:38.026,9.02613,9.02768,1.00,1.00
2017.01.10 12:16:38.127,9.02592,9.02712,1.00,1.29
2017.01.10 12:16:38.228,9.02592,9.02716,1.00,1.00
2017.01.10 12:16:38.279,9.02575,9.02716,1.00,1.00
2017.01.10 12:16:38.380,9.02569,9.02716,1.00,1.00
2017.01.10 12:16:38.431,9.02595,9.02745,1.00,1.00
2017.01.10 12:16:39.103,9.0259,9.02736,1.00,1.00
2017.01.10 12:16:39.453,9.0259,9.02731,1.00,1.00
2017.01.10 12:16:41.703,9.0259,9.02715,1.00,1.00
2017.01.10 12:16:42.363,9.0259,9.02706,1.00,1.00
2017.01.10 12:16:42.414,9.02564,9.02706,1.00,1.00
2017.01.10 12:16:43.568,9.02564,9.0271,1.00,1.00
2017.01.10 12:16:43.774,9.02585,9.02735,1.00,1.37
2017.01.10 12:16:43.825,9.02564,9.02736,1.00,1.37
2017.01.10 12:16:43.876,9.02555,9.02698,1.00,1.37
2017.01.10 12:16:43.927,9.02546,9.02681,1.00,1.37
2017.01.10 12:16:44.082,9.02542,9.02681,1.00,1.37
2017.01.10 12:16:44.344,9.02542,9.02681,1.00,1.00
2017.01.10 12:16:44.496,9.02552,9.02681,1.00,1.00
2017.01.10 12:16:44.850,9.02559,9.02698,1.00,1.00
2017.01.10 12:16:44.954,9.02582,9.02721,1.00,1.00
2017.01.10 12:16:45.005,9.0259,9.02731,1.00,1.00
2017.01.10 12:16:45.337,9.02582,9.02717,1.00,1.00
2017.01.10 12:16:45.830,9.02582,9.02701,1.00,1.00
2017.01.10 12:16:45.880,9.02565,9.02701,1.00,1.00
2017.01.10 12:16:46.337,9.02562,9.02687,1.00,1.00
2017.01.10 12:16:46.388,9.02562,9.02689,1.00,1.00
2017.01.10 12:16:46.489,9.02557,9.02689,1.00,1.00
2017.01.10 12:16:46.701,9.0255,9.02689,1.00,1.00
2017.01.10 12:16:47.340,9.02544,9.02669,1.00,1.00
2017.01.10 12:16:48.916,9.02537,9.02676,1.00,1.00
2017.01.10 12:16:49.077,9.02552,9.02691,1.00,1.00
2017.01.10 12:16:51.409,9.02548,9.02687,1.00,1.00
2017.01.10 12:16:52.206,9.02547,9.0268,1.00,1.00
2017.01.10 12:16:53.561,9.02547,9.02668,1.00,1.00
2017.01.10 12:16:53.662,9.02532,9.02668,1.00,1.00
2017.01.10 12:16:53.713,9.02532,9.02662,1.00,1.00
2017.01.10 12:16:54.748,9.02532,9.02659,1.00,1.00
2017.01.10 12:16:54.970,9.02532,9.02665,1.00,1.00
2017.01.10 12:16:55.021,9.02535,9.02674,1.00,1.00
2017.01.10 12:16:56.021,9.02537,9.02677,1.00,1.00
2017.01.10 12:16:56.680,9.02535,9.02664,1.00,1.00
2017.01.10 12:16:57.032,9.02532,9.02659,1.00,1.00
2017.01.10 12:16:59.427,9.02532,9.02657,1.00,1.00
2017.01.10 12:17:01.505,9.02532,9.02663,1.00,1.00
2017.01.10 12:17:02.812,9.02525,9.02663,1.00,1.00
2017.01.10 12:17:04.851,9.02531,9.02668,1.00,1.00
2017.01.10 12:17:05.154,9.02542,9.0268,1.00,1.00
2017.01.10 12:17:06.415,9.02531,9.02668,1.00,1.00
2017.01.10 12:17:06.744,9.02526,9.02661,1.00,1.00
2017.01.10 12:17:06.999,9.02534,9.0267,1.00,1.00
2017.01.10 12:17:07.657,9.02528,9.02665,1.00,1.00
2017.01.10 12:17:07.758,9.02521,9.02658,1.00,1.00
2017.01.10 12:17:08.262,9.02521,9.02659,1.00,1.00
2017.01.10 12:17:08.660,9.02531,9.02668,1.00,1.00
2017.01.10 12:17:09.049,9.02537,9.02674,1.00,1.00
2017.01.10 12:17:10.050,9.02538,9.02675,1.00,1.00
2017.01.10 12:17:14.457,9.0254,9.02677,1.00,1.00
2017.01.10 12:17:16.537,9.02535,9.02673,1.00,1.00
2017.01.10 12:17:18.357,9.02536,9.02675,1.00,1.00
2017.01.10 12:17:19.778,9.02538,9.02708,1.00,1.00
2017.01.10 12:17:20.701,9.02545,9.02715,1.00,1.00
2017.01.10 12:17:20.752,9.02549,9.02722,1.00,1.00
2017.01.10 12:17:20.853,9.02545,9.02715,1.00,1.00
2017.01.10 12:17:21.864,9.02545,9.02714,1.00,1.00
2017.01.10 12:17:22.906,9.02529,9.02698,1.00,1.00
2017.01.10 12:17:23.896,9.02528,9.02697,1.00,1.00
2017.01.10 12:17:25.401,9.02524,9.02693,1.50,1.00
2017.01.10 12:17:27.082,9.02524,9.02689,1.00,1.00
2017.01.10 12:17:27.385,9.02516,9.02671,1.00,1.00
2017.01.10 12:17:27.486,9.02503,9.02671,1.00,1.00
2017.01.10 12:17:28.207,9.02503,9.02669,1.00,1.00
2017.01.10 12:17:29.485,9.02503,9.02672,1.50,1.00
2017.01.10 12:17:30.572,9.02558,9.02696,2.10,1.00
2017.01.10 12:17:30.674,9.02589,9.02727,1.00,1.00
2017.01.10 12:17:30.775,9.02608,9.02758,1.00,1.00
2017.01.10 12:17:30.876,9.02613,9.02758,1.00,1.00
2017.01.10 12:17:30.977,9.02613,9.02782,1.00,1.00
2017.01.10 12:17:31.079,9.02636,9.02792,1.00,1.00
2017.01.10 12:17:31.566,9.02644,9.02792,1.00,1.00
2017.01.10 12:17:31.768,9.0262,9.02777,1.00,1.00
2017.01.10 12:17:31.939,9.0262,9.02792,1.00,1.00
2017.01.10 12:17:31.990,9.02649,9.02792,1.00,1.00
2017.01.10 12:17:32.317,9.02629,9.02782,1.00,1.00
2017.01.10 12:17:33.102,9.02629,9.02786,1.00,1.00
2017.01.10 12:17:33.269,9.02629,9.02782,1.00,1.00
2017.01.10 12:17:35.992,9.02627,9.02778,1.00,1.00
2017.01.10 12:17:36.144,9.02615,9.02778,1.00,1.00
2017.01.10 12:17:36.843,9.02613,9.02778,1.00,1.00
2017.01.10 12:17:36.995,9.02603,9.02763,1.00,1.00
2017.01.10 12:17:37.955,9.02601,9.02761,1.00,1.00
2017.01.10 12:17:38.446,9.0261,9.02762,1.00,1.00
2017.01.10 12:17:38.950,9.02602,9.02762,1.00,1.00
2017.01.10 12:17:39.053,9.02612,9.02751,1.00,1.00
2017.01.10 12:17:39.356,9.0258,9.02719,1.00,1.00
2017.01.10 12:17:39.873,9.02576,9.02714,1.00,1.00
2017.01.10 12:17:40.180,9.02599,9.02737,1.00,1.00
2017.01.10 12:17:40.874,9.02605,9.02742,1.00,1.00
2017.01.10 12:17:41.198,9.02612,9.02747,1.00,1.00
2017.01.10 12:17:41.876,9.02616,9.02753,1.00,1.00
2017.01.10 12:17:46.482,9.026,9.02759,1.00,1.00
2017.01.10 12:17:47.079,9.02588,9.02725,1.00,1.00
2017.01.10 12:17:48.091,9.02578,9.02716,1.00,1.00
2017.01.10 12:17:48.192,9.02588,9.02725,1.00,1.00
2017.01.10 12:17:48.525,9.02576,9.02713,1.00,1.00
2017.01.10 12:17:48.837,9.0259,9.02727,1.00,1.00
2017.01.10 12:17:49.057,9.02579,9.02717,1.00,1.00
2017.01.10 12:17:49.158,9.02565,9.02702,1.00,1.00
2017.01.10 12:17:49.459,9.02555,9.02692,1.00,1.00
2017.01.10 12:17:50.200,9.0256,9.02698,1.00,1.00
2017.01.10 12:17:51.047,9.02525,9.02688,1.00,1.00
2017.01.10 12:17:51.098,9.02519,9.02688,1.00,1.00
2017.01.10 12:17:51.149,9.02508,9.02671,1.00,1.00
2017.01.10 12:17:51.200,9.02488,9.02671,1.37,1.00
2017.01.10 12:17:51.366,9.02488,9.02671,1.00,1.00
2017.01.10 12:17:51.417,9.02499,9.02605,1.00,1.00
2017.01.10 12:17:51.626,9.02482,9.02619,1.00,1.00
2017.01.10 12:17:53.715,9.02483,9.02621,1.00,1.00
2017.01.10 12:17:53.765,9.02473,9.0261,1.00,1.00
2017.01.10 12:17:54.068,9.0246,9.02597,1.00,1.00
2017.01.10 12:17:54.949,9.02464,9.02601,1.00,1.00
2017.01.10 12:17:59.171,9.02464,9.02601,1.60,1.00
2017.01.10 12:17:59.222,9.02472,9.02609,1.00,1.00
2017.01.10 12:17:59.273,9.02478,9.02615,1.60,1.00
2017.01.10 12:17:59.374,9.02494,9.02629,1.00,1.00
2017.01.10 12:17:59.475,9.02506,9.02644,1.00,1.00
2017.01.10 12:17:59.724,9.02505,9.02642,1.00,1.00
2017.01.10 12:18:00.036,9.02488,9.02623,1.35,1.00
2017.01.10 12:18:00.154,9.02504,9.02641,1.00,1.00
2017.01.10 12:18:00.889,9.02509,9.02646,1.00,1.00
2017.01.10 12:18:01.831,9.02515,9.02652,1.00,1.00
2017.01.10 12:18:02.134,9.02522,9.02659,1.00,1.00
2017.01.10 12:18:02.969,9.02515,9.02652,1.00,1.00
2017.01.10 12:18:04.333,9.02523,9.02687,1.00,1.00
2017.01.10 12:18:04.384,9.02513,9.02651,1.00,1.00
2017.01.10 12:18:04.823,9.02526,9.02687,1.00,1.00
2017.01.10 12:18:05.858,9.02522,9.02687,1.00,1.00
2017.01.10 12:18:06.815,9.02523,9.02687,1.00,1.50
2017.01.10 12:18:07.879,9.02523,9.02687,1.60,1.50
2017.01.10 12:18:10.153,9.02532,9.02687,1.00,1.00
2017.01.10 12:18:10.355,9.02562,9.02721,1.00,1.00
2017.01.10 12:18:10.577,9.02572,9.02721,1.00,1.00
2017.01.10 12:18:10.627,9.02572,9.02737,1.00,1.00
2017.01.10 12:18:14.552,9.02568,9.02733,1.00,1.00
2017.01.10 12:18:14.881,9.02562,9.02727,1.00,1.00
2017.01.10 12:18:15.561,9.02568,9.02733,1.00,1.00
2017.01.10 12:18:15.881,9.02563,9.02726,1.00,1.00
2017.01.10 12:18:16.035,9.02586,9.02751,1.00,1.00
2017.01.10 12:18:16.655,9.02585,9.02738,1.00,1.00
2017.01.10 12:18:17.166,9.02591,9.02728,1.00,1.00
2017.01.10 12:18:17.368,9.02582,9.02738,1.60,1.00
2017.01.10 12:18:17.578,9.02591,9.02728,1.00,1.00
2017.01.10 12:18:17.746,9.02582,9.02738,1.60,1.00
2017.01.10 12:18:18.278,9.02591,9.02728,1.00,1.00
2017.01.10 12:18:18.430,9.0258,9.02718,1.00,1.00
2017.01.10 12:18:20.012,9.0258,9.02718,1.60,1.00
2017.01.10 12:18:20.063,9.02586,9.02723,1.60,1.00
2017.01.10 12:18:20.113,9.02581,9.02718,1.60,1.00
2017.01.10 12:18:20.265,9.0259,9.02727,1.60,1.00
2017.01.10 12:18:20.366,9.0258,9.02736,1.60,1.00
2017.01.10 12:18:21.249,9.02575,9.02731,1.60,1.00
2017.01.10 12:18:21.592,9.02594,9.02731,1.00,1.00
2017.01.10 12:18:24.262,9.02596,9.02731,1.00,1.00
2017.01.10 12:18:24.602,9.02589,9.02724,1.00,1.00
2017.01.10 12:18:29.591,9.02592,9.0273,1.00,1.00
2017.01.10 12:18:29.642,9.02581,9.02718,1.60,1.00
2017.01.10 12:18:30.273,9.02588,9.02726,1.00,1.00
2017.01.10 12:18:30.629,9.02581,9.02719,1.60,1.00
2017.01.10 12:18:31.265,9.02587,9.02724,1.00,1.00
2017.01.10 12:18:32.189,9.02594,9.02732,1.00,1.00
2017.01.10 12:18:32.290,9.02613,9.02774,2.10,1.00
2017.01.10 12:18:32.492,9.02672,9.02809,1.00,1.00
2017.01.10 12:18:32.869,9.02687,9.0283,1.00,1.00
2017.01.10 12:18:33.864,9.02687,9.02827,1.00,1.00
2017.01.10 12:18:34.167,9.02683,9.0282,1.00,1.00
2017.01.10 12:18:34.217,9.02687,9.02828,1.00,1.00
2017.01.10 12:18:34.319,9.02682,9.02819,1.00,1.00
2017.01.10 12:18:34.680,9.02669,9.02806,1.00,1.00
2017.01.10 12:18:35.395,9.02677,9.02814,1.00,1.00
2017.01.10 12:18:36.352,9.02679,9.02816,1.00,1.00
2017.01.10 12:18:37.373,9.02676,9.02813,1.00,1.00
2017.01.10 12:18:37.817,9.02683,9.02823,1.00,1.00
2017.01.10 12:18:39.067,9.0267,9.02806,1.00,1.00
2017.01.10 12:18:39.983,9.02662,9.02799,1.00,1.00
2017.01.10 12:18:40.033,9.02649,9.02786,1.00,1.00
2017.01.10 12:18:40.675,9.02645,9.02757,1.00,1.00
2017.01.10 12:18:40.886,9.0261,9.02747,1.00,1.00
2017.01.10 12:18:41.637,9.02615,9.02752,1.00,1.00
2017.01.10 12:18:44.090,9.02624,9.02761,1.00,1.00
2017.01.10 12:18:44.399,9.0265,9.02787,1.00,1.00
2017.01.10 12:18:45.077,9.02658,9.02795,1.00,1.00
2017.01.10 12:18:45.394,9.02653,9.0279,1.00,1.00
2017.01.10 12:18:45.909,9.02668,9.02806,1.00,1.00
2017.01.10 12:18:46.883,9.02667,9.02804,1.00,1.00
2017.01.10 12:18:51.418,9.02662,9.028,1.00,1.00
2017.01.10 12:18:51.670,9.02659,9.02794,1.00,1.00
2017.01.10 12:18:51.771,9.0265,9.02787,1.00,1.00
2017.01.10 12:18:53.872,9.02647,9.02784,1.00,1.00
2017.01.10 12:18:54.024,9.02611,9.02749,1.00,1.00
2017.01.10 12:18:54.926,9.02609,9.02746,1.00,1.00
2017.01.10 12:18:55.931,9.02612,9.02749,1.00,1.00
2017.01.10 12:18:59.693,9.02609,9.02746,1.00,1.00
2017.01.10 12:19:01.101,9.02592,9.02742,1.60,1.00
2017.01.10 12:19:01.152,9.02592,9.02742,1.00,1.00
2017.01.10 12:19:01.203,9.02596,9.02734,1.00,1.00
2017.01.10 12:19:01.555,9.02608,9.02745,1.00,1.00
2017.01.10 12:19:02.100,9.02584,9.02721,1.35,1.00
2017.01.10 12:19:02.151,9.02574,9.02731,1.00,1.00
2017.01.10 12:19:02.202,9.02577,9.02714,1.00,1.00
2017.01.10 12:19:03.258,9.02578,9.02715,1.00,1.00
2017.01.10 12:19:03.956,9.02573,9.0271,1.00,1.00
2017.01.10 12:19:05.553,9.02537,9.02668,1.00,1.00
2017.01.10 12:19:05.604,9.02531,9.02668,1.00,1.00
2017.01.10 12:19:05.655,9.02531,9.02668,1.60,1.00
2017.01.10 12:19:06.430,9.02538,9.02676,1.60,1.00
2017.01.10 12:19:08.048,9.02533,9.0267,1.00,1.00
2017.01.10 12:19:08.099,9.02526,9.02663,1.00,1.00
2017.01.10 12:19:08.442,9.02541,9.02678,1.00,1.00
2017.01.10 12:19:09.063,9.02535,9.02673,1.00,1.00
2017.01.10 12:19:10.752,9.02526,9.02683,1.00,1.00
2017.01.10 12:19:10.932,9.02559,9.02696,1.00,1.00
2017.01.10 12:19:11.246,9.02564,9.02701,1.00,1.00
2017.01.10 12:19:11.606,9.02528,9.02696,1.00,1.00
2017.01.10 12:19:11.801,9.0256,9.02697,1.00,1.00
2017.01.10 12:19:12.054,9.02511,9.02652,1.00,1.00
2017.01.10 12:19:12.104,9.02511,9.02639,1.00,1.00
2017.01.10 12:19:12.357,9.02479,9.02616,1.00,1.00
2017.01.10 12:19:12.665,9.02434,9.02598,1.00,1.00
2017.01.10 12:19:12.813,9.02467,9.02604,1.00,1.00
2017.01.10 12:19:13.314,9.0243,9.02596,1.00,1.00
2017.01.10 12:19:13.365,9.02464,9.02601,1.00,1.00
2017.01.10 12:19:13.466,9.0243,9.02594,1.00,1.00
2017.01.10 12:19:13.601,9.02463,9.02598,1.00,1.00
2017.01.10 12:19:13.822,9.02431,9.02599,1.00,1.00
2017.01.10 12:19:14.466,9.0244,9.02608,1.00,1.00
2017.01.10 12:19:15.457,9.02441,9.0261,1.00,1.00
2017.01.10 12:19:16.777,9.02443,9.02606,1.00,1.00
2017.01.10 12:19:18.694,9.02445,9.02593,1.00,1.00
2017.01.10 12:19:19.033,9.02458,9.02595,1.00,1.00
2017.01.10 12:19:19.285,9.0245,9.02608,1.00,1.00
2017.01.10 12:19:21.120,9.02459,9.02596,1.00,1.00
2017.01.10 12:19:21.444,9.02453,9.0259,1.00,1.00
2017.01.10 12:19:21.888,9.02461,9.02598,1.00,1.00
2017.01.10 12:19:22.337,9.02468,9.02605,1.00,1.00
2017.01.10 12:19:22.782,9.02452,9.02606,1.00,1.00
2017.01.10 12:19:22.833,9.02453,9.0259,1.00,1.00
2017.01.10 12:19:23.736,9.02458,9.02596,1.00,1.00
2017.01.10 12:19:24.809,9.0246,9.02597,1.00,1.00
2017.01.10 12:19:25.949,9.02465,9.02602,1.00,1.00
2017.01.10 12:19:29.751,9.02467,9.02604,1.00,1.00
2017.01.10 12:19:31.806,9.02464,9.02599,1.00,1.00
2017.01.10 12:19:32.787,9.0246,9.02595,1.00,1.00
2017.01.10 12:19:34.979,9.02459,9.02599,1.00,1.00
2017.01.10 12:19:42.039,9.02464,9.02604,1.00,1.00
2017.01.10 12:19:42.356,9.02471,9.02608,1.00,1.00
2017.01.10 12:19:43.404,9.02474,9.02613,1.00,1.00
2017.01.10 12:19:43.455,9.02499,9.02638,1.00,1.00
2017.01.10 12:19:43.783,9.02509,9.02648,1.00,1.00
2017.01.10 12:19:44.108,9.02495,9.02634,1.00,1.00
2017.01.10 12:19:44.998,9.02496,9.02635,1.00,1.00
2017.01.10 12:19:45.676,9.02496,9.02635,1.60,1.00
2017.01.10 12:19:45.727,9.02492,9.02669,1.00,1.00
2017.01.10 12:19:45.828,9.02506,9.02645,1.00,1.00
2017.01.10 12:19:46.737,9.02501,9.0264,1.00,1.00
2017.01.10 12:19:47.735,9.02497,9.02636,1.00,1.00
2017.01.10 12:19:50.302,9.02502,9.0264,1.00,1.00
2017.01.10 12:19:50.352,9.02508,9.02647,1.00,1.00
