2010.05.03 16:00:00.478,7.28465,7.2877,1.00,1.40
2010.05.03 16:00:01.358,7.2844,7.2875,1.00,1.40
2010.05.03 16:00:11.629,7.2844,7.2875,1.00,3.00
2010.05.03 16:00:11.937,7.2842,7.28725,1.00,1.40
2010.05.03 16:00:18.760,7.2842,7.28715,1.00,1.60
2010.05.03 16:00:19.152,7.28365,7.2867,1.00,1.40
2010.05.03 16:00:19.623,7.28385,7.2869,1.00,1.40
2010.05.03 16:00:24.031,7.28365,7.2867,1.00,1.40
2010.05.03 16:00:24.318,7.28315,7.2862,1.00,1.40
2010.05.03 16:00:25.691,7.2835,7.28635,1.00,4.00
2010.05.03 16:00:26.032,7.2835,7.2866,1.00,1.40
2010.05.03 16:00:26.720,7.2833,7.28635,1.00,1.40
2010.05.03 16:00:28.405,7.2831,7.28615,1.00,1.40
2010.05.03 16:00:30.513,7.28355,7.2866,1.00,1.40
2010.05.03 16:00:30.766,7.28385,7.28695,1.00,1.40
2010.05.03 16:00:32.320,7.28385,7.28695,1.70,1.40
2010.05.03 16:00:32.545,7.28385,7.2869,1.00,1.40
2010.05.03 16:00:36.498,7.2835,7.28725,1.00,4.00
2010.05.03 16:00:36.871,7.2835,7.28715,1.00,4.00
2010.05.03 16:00:40.229,7.2835,7.2871,1.00,4.00
2010.05.03 16:00:40.519,7.2835,7.2872,1.00,4.00
2010.05.03 16:00:41.260,7.2837,7.2872,1.00,4.00
2010.05.03 16:00:41.590,7.2837,7.28745,1.00,4.00
2010.05.03 16:00:44.330,7.2833,7.287,1.00,4.00
2010.05.03 16:00:44.671,7.2833,7.28705,1.00,4.00
2010.05.03 16:00:44.895,7.2833,7.28695,1.00,4.00
2010.05.03 16:00:48.557,7.2833,7.287,1.00,4.00
2010.05.03 16:00:48.769,7.2837,7.2873,1.00,4.00
2010.05.03 16:00:48.988,7.2835,7.2872,1.70,4.00
2010.05.03 16:00:49.357,7.2835,7.2873,1.00,1.40
2010.05.03 16:00:49.707,7.2835,7.2872,1.00,4.00
2010.05.03 16:00:50.572,7.2835,7.2873,1.00,5.40
2010.05.03 16:00:52.173,7.2833,7.2871,4.00,1.40
2010.05.03 16:00:52.438,7.28325,7.28675,1.00,4.00
2010.05.03 16:00:53.086,7.28295,7.28675,1.00,5.40
2010.05.03 16:00:53.417,7.2827,7.28655,1.00,1.40
2010.05.03 16:00:53.698,7.2827,7.28625,1.00,4.00
2010.05.03 16:00:53.971,7.2827,7.28635,1.00,4.00
2010.05.03 16:00:54.242,7.2827,7.28625,1.00,4.00
2010.05.03 16:00:57.618,7.2827,7.2862,1.00,4.00
2010.05.03 16:00:58.672,7.2827,7.28625,1.00,4.00
2010.05.03 16:00:59.443,7.2827,7.2863,1.00,4.00
2010.05.03 16:01:00.995,7.2822,7.286,1.00,1.40
2010.05.03 16:01:01.218,7.2822,7.28585,1.00,4.00
2010.05.03 16:01:01.826,7.2824,7.28585,1.00,4.00
2010.05.03 16:01:02.177,7.2824,7.28595,1.00,4.00
2010.05.03 16:01:03.980,7.2824,7.2862,1.00,5.40
2010.05.03 16:01:04.610,7.2824,7.2862,1.00,1.40
2010.05.03 16:01:04.798,7.2822,7.28595,1.00,4.00
2010.05.03 16:01:06.848,7.2822,7.28555,1.00,4.00
2010.05.03 16:01:07.053,7.28185,7.28555,1.00,4.00
2010.05.03 16:01:07.449,7.28185,7.28565,1.00,7.00
2010.05.03 16:01:07.657,7.2816,7.2854,1.00,4.00
2010.05.03 16:01:08.201,7.28185,7.2854,1.00,4.00
2010.05.03 16:01:08.693,7.28185,7.2856,1.00,4.00
2010.05.03 16:01:09.051,7.2816,7.2854,1.70,4.00
2010.05.03 16:01:09.398,7.28205,7.2857,1.00,4.00
2010.05.03 16:01:09.791,7.28205,7.28575,1.00,4.00
2010.05.03 16:01:15.220,7.28225,7.28525,2.40,2.40
2010.05.03 16:01:15.473,7.28225,7.28525,4.00,4.00
2010.05.03 16:01:18.404,7.2821,7.28515,4.00,4.00
2010.05.03 16:01:18.759,7.28195,7.285,4.00,4.00
2010.05.03 16:01:19.104,7.28205,7.2851,4.00,4.00
2010.05.03 16:01:19.942,7.28225,7.28525,4.00,4.00
2010.05.03 16:01:23.499,7.2821,7.28515,4.00,4.00
2010.05.03 16:01:23.781,7.28185,7.2849,4.10,4.00
2010.05.03 16:01:24.333,7.28225,7.28525,4.00,4.00
2010.05.03 16:01:24.694,7.2821,7.28515,4.00,4.00
2010.05.03 16:01:25.044,7.28225,7.28525,4.00,4.00
2010.05.03 16:01:31.392,7.2821,7.28515,4.00,4.00
2010.05.03 16:01:31.699,7.28185,7.2846,1.00,4.00
2010.05.03 16:01:31.919,7.28175,7.2848,8.00,4.00
2010.05.03 16:01:32.267,7.2817,7.2847,4.00,4.00
2010.05.03 16:01:33.491,7.28205,7.28495,4.00,4.00
2010.05.03 16:01:33.831,7.28225,7.28525,4.00,4.00
2010.05.03 16:01:34.169,7.2821,7.28515,4.00,4.00
2010.05.03 16:01:37.397,7.28185,7.2848,4.00,4.00
2010.05.03 16:01:37.706,7.28175,7.2848,4.00,4.00
2010.05.03 16:01:43.029,7.2818,7.28485,4.00,4.00
2010.05.03 16:01:43.751,7.28175,7.2848,4.00,4.00
2010.05.03 16:01:44.291,7.2817,7.2847,4.00,4.00
2010.05.03 16:01:46.456,7.2818,7.2847,1.60,4.00
2010.05.03 16:01:46.721,7.28225,7.28525,4.00,4.00
2010.05.03 16:01:47.429,7.282,7.28505,4.00,4.00
2010.05.03 16:01:47.733,7.28195,7.285,4.00,4.00
2010.05.03 16:01:48.081,7.282,7.28505,4.00,4.00
2010.05.03 16:01:48.425,7.28195,7.285,4.00,4.00
2010.05.03 16:01:48.770,7.28175,7.2848,4.00,4.00
2010.05.03 16:01:53.815,7.28165,7.28465,4.00,4.00
2010.05.03 16:01:54.433,7.2814,7.28445,4.00,4.00
2010.05.03 16:01:54.789,7.2815,7.28455,4.00,4.00
2010.05.03 16:01:55.271,7.28155,7.2846,4.00,4.00
2010.05.03 16:01:56.472,7.2815,7.28455,4.00,4.00
2010.05.03 16:01:57.343,7.28155,7.2846,4.00,4.00
2010.05.03 16:01:58.640,7.28135,7.28435,4.00,4.00
2010.05.03 16:01:58.963,7.2813,7.28435,4.00,4.00
2010.05.03 16:02:01.388,7.28155,7.28455,4.00,4.00
2010.05.03 16:02:01.734,7.2815,7.28455,4.00,4.00
2010.05.03 16:02:02.081,7.28165,7.28465,4.00,4.00
2010.05.03 16:02:02.424,7.2815,7.28455,4.00,4.00
2010.05.03 16:02:02.781,7.28165,7.28465,4.00,4.00
2010.05.03 16:02:03.991,7.2813,7.2845,4.00,4.00
2010.05.03 16:02:05.009,7.28125,7.28445,4.10,4.00
2010.05.03 16:02:07.432,7.2815,7.28445,1.00,4.00
2010.05.03 16:02:07.763,7.2815,7.28455,1.00,4.00
2010.05.03 16:02:12.110,7.2815,7.2843,1.00,4.00
2010.05.03 16:02:12.199,7.2815,7.28425,1.00,4.00
2010.05.03 16:02:14.322,7.28105,7.2842,1.00,4.00
2010.05.03 16:02:14.685,7.28105,7.28385,1.00,4.00
2010.05.03 16:02:14.892,7.28125,7.28415,1.00,4.00
2010.05.03 16:02:15.089,7.28125,7.2842,1.00,4.00
2010.05.03 16:02:15.591,7.28145,7.2843,1.00,4.00
2010.05.03 16:02:17.260,7.28145,7.28435,1.00,4.00
2010.05.03 16:02:18.628,7.28125,7.28425,1.00,4.00
2010.05.03 16:02:20.194,7.28145,7.28425,1.00,4.00
2010.05.03 16:02:20.530,7.28145,7.28435,1.00,4.00
2010.05.03 16:02:22.111,7.2813,7.28435,4.00,4.00
2010.05.03 16:02:22.360,7.28125,7.2843,4.10,4.00
2010.05.03 16:02:22.569,7.28125,7.28425,1.00,4.00
2010.05.03 16:02:23.231,7.28125,7.2843,4.10,4.00
2010.05.03 16:02:23.520,7.28125,7.28425,1.00,4.00
2010.05.03 16:02:24.442,7.28145,7.2843,1.00,4.00
2010.05.03 16:02:26.970,7.28145,7.28435,1.00,4.00
2010.05.03 16:02:27.216,7.28145,7.2843,1.00,4.00
2010.05.03 16:02:27.457,7.28145,7.28435,1.00,4.00
2010.05.03 16:02:40.231,7.28145,7.2843,1.00,4.00
2010.05.03 16:02:42.530,7.28145,7.28435,1.00,4.00
2010.05.03 16:02:43.909,7.28145,7.2844,1.00,4.00
2010.05.03 16:02:45.262,7.28145,7.28435,1.00,4.00
2010.05.03 16:02:45.539,7.2813,7.28435,4.00,4.00
2010.05.03 16:02:45.621,7.2812,7.28425,4.00,4.00
2010.05.03 16:02:45.800,7.28105,7.28395,1.00,4.00
2010.05.03 16:02:46.656,7.28145,7.28435,1.00,4.00
2010.05.03 16:02:47.010,7.28145,7.28425,1.00,4.00
2010.05.03 16:02:49.625,7.28115,7.2842,4.00,4.00
2010.05.03 16:02:49.931,7.28105,7.28395,1.00,4.00
2010.05.03 16:02:50.722,7.28105,7.28405,1.00,4.00
2010.05.03 16:02:54.580,7.28105,7.28395,1.00,4.00
2010.05.03 16:02:54.649,7.28095,7.28395,1.00,4.00
2010.05.03 16:02:56.283,7.28115,7.2842,4.10,4.00
2010.05.03 16:02:56.633,7.2812,7.28425,4.00,4.00
2010.05.03 16:02:56.921,7.28115,7.2841,1.00,4.00
2010.05.03 16:02:58.053,7.28115,7.28395,1.00,4.00
2010.05.03 16:02:58.402,7.28095,7.28395,1.00,4.00
2010.05.03 16:02:59.521,7.2812,7.28425,4.00,4.00
2010.05.03 16:02:59.897,7.28115,7.2841,1.00,4.00
2010.05.03 16:03:00.402,7.28095,7.28395,1.00,4.00
2010.05.03 16:03:02.280,7.28095,7.2835,1.00,8.00
2010.05.03 16:03:02.402,7.28095,7.2835,1.00,4.00
2010.05.03 16:03:02.686,7.28065,7.2835,1.00,4.00
2010.05.03 16:03:03.820,7.28045,7.2835,1.00,4.00
2010.05.03 16:03:05.508,7.28045,7.28365,4.10,4.00
2010.05.03 16:03:08.552,7.28045,7.2835,1.00,4.00
2010.05.03 16:03:08.642,7.2803,7.2835,4.00,4.00
2010.05.03 16:03:09.358,7.2801,7.28315,4.00,4.00
2010.05.03 16:03:09.676,7.28005,7.2829,1.00,4.00
2010.05.03 16:03:10.500,7.28005,7.2828,1.00,4.00
2010.05.03 16:03:10.840,7.28005,7.2829,1.00,4.00
2010.05.03 16:03:11.184,7.28005,7.283,1.00,4.00
2010.05.03 16:03:11.482,7.28005,7.2831,4.10,4.00
2010.05.03 16:03:15.605,7.2802,7.28325,4.00,4.00
2010.05.03 16:03:15.885,7.28015,7.2831,1.00,4.00
2010.05.03 16:03:17.210,7.28035,7.2831,1.00,4.00
2010.05.03 16:03:17.656,7.28035,7.28325,1.00,4.00
2010.05.03 16:03:19.120,7.28035,7.283,1.00,4.00
2010.05.03 16:03:19.381,7.28,7.28305,4.00,4.00
2010.05.03 16:03:20.202,7.27995,7.283,4.00,4.00
2010.05.03 16:03:21.221,7.2799,7.28295,4.10,4.00
2010.05.03 16:03:21.542,7.2799,7.28285,1.00,4.00
2010.05.03 16:03:21.869,7.2799,7.2827,1.00,4.00
2010.05.03 16:03:23.775,7.27965,7.2827,5.60,4.00
2010.05.03 16:03:24.062,7.27935,7.2824,1.00,4.00
2010.05.03 16:03:25.785,7.27935,7.2823,1.00,4.00
2010.05.03 16:03:26.010,7.27885,7.282,4.00,4.00
2010.05.03 16:03:26.238,7.2788,7.28185,1.00,4.00
2010.05.03 16:03:31.240,7.2788,7.28175,1.00,4.00
2010.05.03 16:03:31.906,7.2788,7.2818,1.00,4.00
2010.05.03 16:03:32.236,7.2792,7.28215,1.00,4.00
2010.05.03 16:03:34.327,7.2789,7.28145,4.00,4.00
2010.05.03 16:03:34.585,7.2787,7.2817,4.10,4.00
2010.05.03 16:03:34.832,7.27875,7.28175,4.00,4.00
2010.05.03 16:03:37.730,7.27885,7.2819,4.00,4.00
2010.05.03 16:03:37.963,7.2791,7.2821,4.00,4.00
2010.05.03 16:03:38.042,7.2791,7.28215,4.00,4.00
2010.05.03 16:03:38.109,7.279,7.28205,4.10,4.00
2010.05.03 16:03:39.122,7.2789,7.28195,4.00,4.00
2010.05.03 16:03:39.610,7.2788,7.28185,4.10,4.00
2010.05.03 16:03:39.851,7.2793,7.28205,4.00,4.00
2010.05.03 16:03:40.145,7.279,7.282,1.00,4.00
2010.05.03 16:03:40.771,7.279,7.28185,1.00,4.00
2010.05.03 16:03:41.215,7.2788,7.28185,4.10,4.00
2010.05.03 16:03:44.828,7.27885,7.2819,4.00,4.00
2010.05.03 16:03:45.261,7.27855,7.28145,4.00,4.00
2010.05.03 16:03:45.388,7.2784,7.28145,4.00,4.00
2010.05.03 16:03:45.521,7.27875,7.2817,4.00,4.00
2010.05.03 16:03:45.645,7.279,7.28175,1.00,4.00
2010.05.03 16:03:46.005,7.27905,7.28175,4.00,4.00
2010.05.03 16:03:46.355,7.279,7.28195,1.00,4.00
2010.05.03 16:03:47.042,7.27925,7.2822,1.00,4.00
2010.05.03 16:03:47.864,7.2793,7.2823,4.00,4.00
2010.05.03 16:03:48.200,7.2788,7.28185,4.10,4.00
2010.05.03 16:03:50.229,7.2788,7.2816,1.00,4.00
2010.05.03 16:03:50.575,7.2788,7.28175,1.00,4.00
2010.05.03 16:03:52.722,7.27925,7.282,4.00,4.00
2010.05.03 16:03:52.990,7.27925,7.28225,4.00,4.00
2010.05.03 16:03:53.431,7.279,7.28205,4.10,4.00
2010.05.03 16:03:54.653,7.2793,7.2823,4.00,4.00
2010.05.03 16:04:01.833,7.279,7.28205,4.10,4.00
2010.05.03 16:04:02.330,7.2793,7.2823,4.00,8.00
2010.05.03 16:04:02.729,7.279,7.28205,4.10,4.00
2010.05.03 16:04:03.083,7.2788,7.28185,4.10,4.00
2010.05.03 16:04:03.432,7.2789,7.2821,4.00,4.00
2010.05.03 16:04:04.624,7.27925,7.28215,1.00,4.00
2010.05.03 16:04:04.842,7.2794,7.28255,4.00,4.00
2010.05.03 16:04:07.541,7.2793,7.2823,4.00,4.00
2010.05.03 16:04:08.957,7.2796,7.28265,4.00,4.00
2010.05.03 16:04:09.829,7.2797,7.28275,4.00,4.00
2010.05.03 16:04:10.426,7.27985,7.28285,4.00,4.00
2010.05.03 16:04:14.233,7.2798,7.2823,1.00,4.00
2010.05.03 16:04:17.591,7.2798,7.28235,1.00,4.00
2010.05.03 16:04:18.040,7.28005,7.2826,1.00,4.00
2010.05.03 16:04:18.192,7.28005,7.2823,1.00,1.00
2010.05.03 16:04:20.419,7.27985,7.2823,1.00,1.00
2010.05.03 16:04:21.100,7.27985,7.2823,1.00,4.40
2010.05.03 16:04:22.380,7.27985,7.28155,1.00,4.00
2010.05.03 16:04:22.579,7.2788,7.28155,1.00,4.00
2010.05.03 16:04:23.434,7.279,7.28155,1.00,4.00
2010.05.03 16:04:23.569,7.2788,7.28155,1.00,4.00
2010.05.03 16:04:24.193,7.2792,7.28155,1.00,4.00
2010.05.03 16:04:26.566,7.279,7.28155,1.00,4.00
2010.05.03 16:04:26.911,7.2792,7.28155,1.00,4.00
2010.05.03 16:04:30.138,7.279,7.28155,1.00,4.00
2010.05.03 16:04:32.269,7.2792,7.28215,4.00,1.00
2010.05.03 16:04:33.972,7.2791,7.28215,4.00,4.40
2010.05.03 16:04:34.279,7.27915,7.28215,4.00,1.00
2010.05.03 16:04:34.901,7.27925,7.28215,4.00,1.00
2010.05.03 16:04:35.720,7.27965,7.28215,4.00,1.00
2010.05.03 16:04:37.130,7.2797,7.28215,1.00,1.00
2010.05.03 16:04:37.792,7.27975,7.28215,4.00,1.00
2010.05.03 16:04:39.411,7.27945,7.28215,4.00,1.00
2010.05.03 16:04:39.833,7.27925,7.28215,4.00,1.00
2010.05.03 16:04:40.199,7.2794,7.28215,4.00,1.00
2010.05.03 16:04:42.418,7.27925,7.28215,4.00,1.00
2010.05.03 16:05:21.816,7.2797,7.28215,1.00,1.00
2010.05.03 16:05:22.100,7.2798,7.28215,4.00,1.00
2010.05.03 16:05:22.389,7.27975,7.28215,4.00,1.00
2010.05.03 16:05:24.471,7.2798,7.28215,4.00,1.00
2010.05.03 16:05:41.705,7.2796,7.28215,4.00,1.00
2010.05.03 16:05:42.053,7.27965,7.28215,4.00,1.00
2010.05.03 16:05:42.402,7.27965,7.28245,4.00,1.40
2010.05.03 16:05:43.245,7.27965,7.2823,4.00,1.00
2010.05.03 16:05:43.651,7.2797,7.2823,4.00,1.00
2010.05.03 16:05:43.789,7.27965,7.2823,4.00,1.00
2010.05.03 16:05:45.908,7.2794,7.2823,8.00,1.00
2010.05.03 16:05:45.992,7.27965,7.2823,4.00,1.00
2010.05.03 16:05:46.812,7.2797,7.2823,1.00,1.00
2010.05.03 16:05:47.152,7.2798,7.2823,4.00,1.00
2010.05.03 16:06:02.648,7.27965,7.2823,4.00,1.00
2010.05.03 16:06:02.785,7.2797,7.2823,4.00,1.00
2010.05.03 16:06:02.910,7.2797,7.2823,4.00,1.00
2010.05.03 16:06:03.041,7.2797,7.2823,4.10,1.00
2010.05.03 16:06:03.169,7.2797,7.2823,1.00,1.00
2010.05.03 16:06:03.380,7.2798,7.2823,4.00,1.00
2010.05.03 16:06:05.470,7.2796,7.2819,1.00,4.00
2010.05.03 16:06:05.919,7.2796,7.28215,1.00,4.00
2010.05.03 16:06:10.959,7.2796,7.28225,1.00,4.00
2010.05.03 16:06:11.230,7.2799,7.2823,1.00,1.00
2010.05.03 16:06:12.195,7.2799,7.2826,1.00,1.00
2010.05.03 16:06:12.543,7.2799,7.28255,1.00,4.00
2010.05.03 16:06:15.129,7.2799,7.2826,1.00,4.40
2010.05.03 16:06:15.550,7.2796,7.2826,1.00,4.40
2010.05.03 16:06:15.726,7.2796,7.28235,1.00,4.00
2010.05.03 16:06:15.900,7.2796,7.2821,1.00,4.00
2010.05.03 16:06:16.413,7.2796,7.2819,1.00,4.00
2010.05.03 16:06:20.238,7.2796,7.282,1.00,4.00
2010.05.03 16:06:22.796,7.2798,7.282,1.00,4.00
2010.05.03 16:06:22.900,7.2802,7.282,1.00,4.00
2010.05.03 16:06:23.003,7.2802,7.28235,1.00,4.00
2010.05.03 16:06:23.113,7.2799,7.28235,1.00,4.00
2010.05.03 16:06:23.219,7.2802,7.28235,1.00,4.00
2010.05.03 16:06:23.319,7.2802,7.2824,1.00,4.00
2010.05.03 16:06:24.269,7.2802,7.28245,1.00,4.00
2010.05.03 16:06:31.399,7.2799,7.28245,1.00,4.00
2010.05.03 16:06:31.592,7.2799,7.28235,1.00,4.00
2010.05.03 16:06:31.960,7.2799,7.2823,1.00,4.00
2010.05.03 16:06:37.460,7.2802,7.2823,1.00,4.00
2010.05.03 16:06:37.601,7.2802,7.2824,1.00,4.00
2010.05.03 16:06:37.741,7.2799,7.2824,1.00,4.00
2010.05.03 16:06:38.099,7.2799,7.2823,1.00,4.00
2010.05.03 16:06:38.244,7.2799,7.28235,1.00,4.00
2010.05.03 16:06:39.271,7.2799,7.2823,1.00,4.00
2010.05.03 16:06:40.809,7.2799,7.28235,1.00,4.00
2010.05.03 16:06:46.879,7.2801,7.28235,1.00,4.00
2010.05.03 16:06:47.191,7.2801,7.28245,1.00,4.00
2010.05.03 16:06:47.857,7.2802,7.28245,1.00,4.00
2010.05.03 16:06:50.835,7.2799,7.282,1.00,1.00
2010.05.03 16:06:54.439,7.2798,7.282,1.00,1.00
2010.05.03 16:07:09.655,7.2801,7.282,1.00,1.00
2010.05.03 16:07:24.953,7.2804,7.282,1.00,1.00
2010.05.03 16:07:26.502,7.2801,7.282,1.00,1.00
2010.05.03 16:07:30.741,7.2798,7.282,1.00,1.00
2010.05.03 16:07:34.799,7.2801,7.28165,1.00,1.60
2010.05.03 16:07:35.482,7.2797,7.28165,1.00,1.60
2010.05.03 16:07:38.638,7.2797,7.2815,1.00,1.00
2010.05.03 16:07:39.181,7.28,7.2815,1.00,1.00
2010.05.03 16:07:40.574,7.279,7.2811,1.00,1.60
2010.05.03 16:07:41.194,7.279,7.28115,1.00,1.60
2010.05.03 16:07:43.017,7.2792,7.281,1.00,1.00
2010.05.03 16:07:51.466,7.2794,7.281,1.00,1.00
2010.05.03 16:07:51.771,7.2792,7.281,1.00,1.00
2010.05.03 16:07:51.911,7.2794,7.281,1.00,1.00
2010.05.03 16:07:52.156,7.2792,7.281,1.00,1.00
2010.05.03 16:08:01.100,7.2792,7.281,1.00,1.00
2010.05.03 16:08:01.179,7.2794,7.281,1.00,1.00
2010.05.03 16:08:01.339,7.2797,7.281,1.00,1.00
2010.05.03 16:08:01.419,7.2797,7.281,1.00,1.00
2010.05.03 16:08:02.865,7.2794,7.281,1.00,1.00
2010.05.03 16:08:03.349,7.2792,7.281,1.00,1.00
2010.05.03 16:08:04.921,7.2789,7.281,1.00,1.00
2010.05.03 16:08:06.586,7.2792,7.281,1.00,1.00
2010.05.03 16:08:06.932,7.2792,7.281,1.00,1.00
2010.05.03 16:08:07.060,7.2789,7.281,1.00,1.00
2010.05.03 16:08:13.342,7.2792,7.281,1.00,1.00
2010.05.03 16:08:18.994,7.2791,7.281,1.00,1.00
2010.05.03 16:08:19.401,7.2791,7.2813,1.00,1.00
2010.05.03 16:08:20.951,7.2795,7.2813,1.00,1.00
2010.05.03 16:08:21.781,7.2796,7.2813,1.00,1.00
2010.05.03 16:08:22.550,7.2792,7.2813,1.00,1.00
2010.05.03 16:08:22.974,7.2791,7.2813,1.00,1.00
2010.05.03 16:08:23.096,7.2791,7.2811,1.00,1.00
2010.05.03 16:08:23.400,7.2794,7.2811,1.00,1.00
2010.05.03 16:08:23.632,7.2794,7.2811,1.00,1.00
2010.05.03 16:08:23.741,7.2791,7.2811,1.00,1.00
2010.05.03 16:08:24.071,7.2791,7.2812,1.00,1.00
2010.05.03 16:08:24.415,7.2794,7.2812,1.00,1.00
2010.05.03 16:08:26.909,7.2794,7.2813,1.00,1.00
2010.05.03 16:08:31.232,7.2793,7.2813,1.00,1.00
2010.05.03 16:08:34.206,7.279,7.281,1.00,1.00
2010.05.03 16:08:37.071,7.2796,7.281,1.00,1.00
2010.05.03 16:08:37.375,7.2793,7.281,1.00,1.00
2010.05.03 16:08:38.505,7.2794,7.281,1.00,1.00
2010.05.03 16:08:40.945,7.2791,7.281,1.00,1.00
2010.05.03 16:08:49.681,7.2794,7.281,1.00,1.00
2010.05.03 16:08:51.122,7.2796,7.281,1.00,1.00
2010.05.03 16:08:52.771,7.2794,7.281,1.00,1.00
2010.05.03 16:09:07.093,7.2796,7.281,1.00,1.00
2010.05.03 16:09:08.419,7.2796,7.28205,1.00,4.00
2010.05.03 16:09:08.670,7.2795,7.28205,1.00,4.00
2010.05.03 16:09:09.056,7.2795,7.2812,1.00,1.00
2010.05.03 16:09:10.343,7.2792,7.281,1.00,1.00
2010.05.03 16:09:10.482,7.2792,7.281,1.00,1.00
2010.05.03 16:09:17.386,7.2795,7.282,1.00,4.00
2010.05.03 16:09:17.842,7.2795,7.28205,1.00,4.00
2010.05.03 16:09:21.054,7.2792,7.28185,1.00,4.00
2010.05.03 16:09:21.491,7.2792,7.28175,1.00,4.00
2010.05.03 16:09:21.635,7.2792,7.28165,1.00,4.00
2010.05.03 16:09:25.912,7.2795,7.28175,1.00,4.00
2010.05.03 16:09:26.584,7.2795,7.2818,1.00,4.00
2010.05.03 16:09:26.726,7.2795,7.28185,1.00,4.00
2010.05.03 16:09:29.702,7.2792,7.2817,1.00,4.00
2010.05.03 16:09:30.082,7.2792,7.28165,1.00,4.00
2010.05.03 16:09:31.135,7.2795,7.28175,1.00,4.00
2010.05.03 16:09:31.444,7.2795,7.2818,1.00,4.00
2010.05.03 16:09:32.243,7.2789,7.2815,1.00,4.00
2010.05.03 16:09:32.804,7.2792,7.28165,1.00,4.00
2010.05.03 16:09:37.159,7.2792,7.2817,1.00,4.00
2010.05.03 16:09:42.750,7.2795,7.2817,1.00,4.00
2010.05.03 16:09:42.852,7.2795,7.2818,1.00,4.00
2010.05.03 16:09:43.050,7.2795,7.28175,1.00,4.00
2010.05.03 16:09:43.687,7.2795,7.2818,1.00,4.00
2010.05.03 16:09:44.371,7.2789,7.2818,1.00,4.00
2010.05.03 16:09:44.702,7.2792,7.2817,1.00,5.60
2010.05.03 16:09:45.045,7.2789,7.2814,1.00,4.00
2010.05.03 16:09:46.411,7.2792,7.2816,1.00,4.00
2010.05.03 16:09:46.751,7.2792,7.2815,1.00,4.00
2010.05.03 16:09:47.350,7.2792,7.28165,1.00,4.00
2010.05.03 16:09:53.042,7.2795,7.28165,1.00,4.00
2010.05.03 16:09:53.110,7.2792,7.28165,1.00,4.00
2010.05.03 16:09:53.384,7.2792,7.2818,1.00,4.00
2010.05.03 16:09:53.529,7.2792,7.2817,1.00,4.00
2010.05.03 16:09:53.740,7.2792,7.28175,1.00,4.00
2010.05.03 16:09:55.129,7.2792,7.2817,1.00,4.00
2010.05.03 16:09:56.287,7.2795,7.2818,1.00,4.00
2010.05.03 16:09:56.403,7.2795,7.28185,1.00,4.00
2010.05.03 16:09:56.524,7.2795,7.2819,1.00,4.00
2010.05.03 16:09:56.751,7.2792,7.2819,1.00,4.00
2010.05.03 16:09:57.122,7.2792,7.2815,1.00,4.00
2010.05.03 16:09:58.671,7.2792,7.2816,1.00,4.00
2010.05.03 16:09:59.090,7.2792,7.2817,1.00,4.00
2010.05.03 16:10:04.660,7.2795,7.2817,1.00,4.00
2010.05.03 16:10:04.801,7.2795,7.2818,1.00,4.00
2010.05.03 16:10:04.943,7.2792,7.28175,1.00,4.00
2010.05.03 16:10:05.579,7.2789,7.28135,1.00,4.00
2010.05.03 16:10:06.268,7.2792,7.28135,1.00,4.00
2010.05.03 16:10:06.970,7.2792,7.2819,1.00,4.00
2010.05.03 16:10:07.257,7.2792,7.28175,1.00,4.00
2010.05.03 16:10:07.571,7.2792,7.2817,1.00,4.00
2010.05.03 16:10:08.501,7.2792,7.28175,1.00,4.00
2010.05.03 16:10:11.147,7.2792,7.2817,1.00,4.00
2010.05.03 16:10:18.468,7.2789,7.2817,1.00,4.00
2010.05.03 16:10:18.789,7.2789,7.2816,1.00,4.00
2010.05.03 16:10:18.927,7.2789,7.2814,1.00,4.00
2010.05.03 16:10:20.780,7.2789,7.28145,1.00,4.00
2010.05.03 16:10:21.364,7.2785,7.28115,1.00,1.60
2010.05.03 16:10:21.677,7.2784,7.28095,1.00,4.00
2010.05.03 16:10:22.029,7.2784,7.28085,1.00,4.00
2010.05.03 16:10:23.260,7.2784,7.2809,1.00,4.00
2010.05.03 16:10:24.345,7.2786,7.2809,1.00,4.00
2010.05.03 16:10:24.689,7.2784,7.2809,1.00,4.00
2010.05.03 16:10:25.029,7.2786,7.2809,1.00,4.00
2010.05.03 16:10:25.368,7.2784,7.2809,1.00,4.00
2010.05.03 16:10:28.020,7.2786,7.2808,1.00,4.00
2010.05.03 16:10:28.179,7.2784,7.2808,1.00,4.00
2010.05.03 16:10:29.683,7.2784,7.2809,1.00,4.00
2010.05.03 16:10:30.359,7.2786,7.2809,1.00,4.00
2010.05.03 16:10:30.619,7.2784,7.2809,1.00,4.00
2010.05.03 16:10:33.061,7.2785,7.2809,1.00,4.00
2010.05.03 16:10:33.365,7.2785,7.28135,1.00,4.00
2010.05.03 16:10:33.591,7.2789,7.28135,1.00,4.00
2010.05.03 16:10:34.432,7.2789,7.28095,1.00,4.00
2010.05.03 16:10:35.370,7.2784,7.28095,1.00,4.00
2010.05.03 16:10:35.868,7.2786,7.28095,1.00,4.00
2010.05.03 16:10:36.307,7.2784,7.28095,1.00,4.00
2010.05.03 16:10:36.585,7.2786,7.28095,1.00,4.00
2010.05.03 16:10:36.850,7.2784,7.28095,1.00,4.00
2010.05.03 16:10:38.073,7.2786,7.28095,1.00,4.00
2010.05.03 16:10:38.292,7.2784,7.28095,1.00,4.00
2010.05.03 16:10:40.374,7.2784,7.2808,1.00,4.00
2010.05.03 16:10:41.999,7.2784,7.2809,1.00,4.00
2010.05.03 16:10:42.720,7.2784,7.2808,1.00,4.00
2010.05.03 16:10:43.419,7.2784,7.2809,1.00,4.00
2010.05.03 16:11:01.732,7.2784,7.2808,1.00,4.00
2010.05.03 16:11:12.558,7.2782,7.2807,1.00,4.00
2010.05.03 16:11:13.584,7.2782,7.2804,1.00,4.00
2010.05.03 16:11:17.032,7.2782,7.2803,1.00,4.00
2010.05.03 16:11:17.264,7.2782,7.28025,1.00,4.00
2010.05.03 16:11:17.738,7.2782,7.28005,1.00,1.60
2010.05.03 16:11:18.085,7.2771,7.2799,1.00,4.00
2010.05.03 16:11:18.434,7.2774,7.27985,1.00,4.00
2010.05.03 16:11:18.783,7.2774,7.28,1.00,4.00
2010.05.03 16:11:19.275,7.2779,7.2801,1.00,4.00
2010.05.03 16:11:19.628,7.2776,7.28,1.00,4.00
2010.05.03 16:11:19.974,7.2776,7.2799,1.00,4.00
2010.05.03 16:11:20.660,7.2778,7.2799,1.00,4.00
2010.05.03 16:11:21.007,7.2778,7.2801,1.00,4.00
2010.05.03 16:11:21.666,7.278,7.28025,1.00,4.00
2010.05.03 16:11:21.823,7.278,7.2806,1.00,1.00
2010.05.03 16:11:22.167,7.278,7.28055,1.00,4.00
2010.05.03 16:11:22.948,7.2778,7.28055,1.00,4.00
2010.05.03 16:11:23.300,7.278,7.28025,1.00,4.00
2010.05.03 16:11:23.645,7.278,7.2805,1.00,4.00
2010.05.03 16:11:24.157,7.278,7.28055,1.00,4.00
2010.05.03 16:11:24.383,7.2778,7.28055,1.00,4.00
2010.05.03 16:11:24.612,7.2778,7.28025,1.00,4.00
2010.05.03 16:11:24.844,7.2775,7.28015,1.00,4.00
2010.05.03 16:11:32.271,7.2778,7.28015,1.00,4.00
2010.05.03 16:11:32.566,7.2778,7.28015,1.00,4.00
2010.05.03 16:11:32.841,7.2775,7.2802,1.00,4.00
2010.05.03 16:11:33.005,7.2775,7.28015,1.00,4.00
2010.05.03 16:11:35.322,7.2775,7.2801,1.00,4.00
2010.05.03 16:11:36.291,7.2775,7.28015,1.00,4.00
2010.05.03 16:11:47.039,7.2775,7.2801,1.00,4.00
2010.05.03 16:11:47.449,7.2775,7.28015,1.00,4.00
2010.05.03 16:11:52.260,7.2775,7.28005,1.00,4.00
2010.05.03 16:11:53.932,7.2775,7.28,1.00,4.00
2010.05.03 16:11:56.969,7.2773,7.28,1.00,4.00
2010.05.03 16:11:57.248,7.2773,7.27975,1.00,4.00
2010.05.03 16:12:01.643,7.2773,7.27965,1.00,4.00
2010.05.03 16:12:01.879,7.2773,7.2796,1.00,4.00
2010.05.03 16:12:02.492,7.2773,7.2797,1.00,4.00
2010.05.03 16:12:02.836,7.27745,7.2801,1.60,1.00
2010.05.03 16:12:03.183,7.27745,7.28025,1.60,4.00
2010.05.03 16:12:03.752,7.2779,7.28025,1.00,4.00
2010.05.03 16:12:04.741,7.278,7.28025,1.00,4.00
2010.05.03 16:12:16.910,7.2778,7.28025,1.00,4.00
2010.05.03 16:12:17.129,7.2778,7.28005,1.00,1.60
2010.05.03 16:12:20.004,7.2775,7.2798,1.00,1.60
2010.05.03 16:12:24.107,7.2775,7.27945,1.00,1.40
2010.05.03 16:12:24.230,7.2775,7.2793,1.00,1.60
2010.05.03 16:12:24.363,7.2772,7.2793,1.00,1.60
2010.05.03 16:12:24.495,7.2769,7.2793,1.00,1.60
2010.05.03 16:12:24.846,7.2772,7.27925,1.00,4.00
2010.05.03 16:12:25.192,7.2772,7.2793,1.00,4.00
2010.05.03 16:12:25.533,7.2769,7.27925,1.00,4.00
2010.05.03 16:12:25.882,7.2769,7.2791,1.00,4.00
2010.05.03 16:12:26.219,7.2769,7.27905,1.00,4.00
2010.05.03 16:12:26.844,7.2775,7.2793,1.00,4.00
2010.05.03 16:12:27.113,7.2775,7.27955,1.00,4.00
2010.05.03 16:12:29.908,7.2775,7.27945,1.00,4.00
2010.05.03 16:12:30.194,7.2775,7.27955,1.00,4.00
2010.05.03 16:12:32.433,7.2775,7.27945,1.00,4.00
2010.05.03 16:12:33.291,7.2775,7.27955,1.00,4.00
2010.05.03 16:12:33.670,7.2775,7.27965,1.00,1.60
2010.05.03 16:12:33.721,7.2775,7.2797,1.00,4.00
2010.05.03 16:12:34.201,7.2778,7.2797,1.00,4.00
2010.05.03 16:12:34.305,7.2778,7.27975,1.00,4.00
2010.05.03 16:12:34.652,7.2778,7.28005,1.00,5.60
2010.05.03 16:12:35.461,7.2778,7.2799,1.00,4.00
2010.05.03 16:12:35.812,7.2778,7.28,1.00,4.00
2010.05.03 16:12:36.080,7.2778,7.28005,1.00,5.60
2010.05.03 16:12:36.350,7.278,7.28005,1.00,5.60
2010.05.03 16:12:36.571,7.2778,7.27995,1.00,4.00
2010.05.03 16:12:36.791,7.2778,7.28,1.00,4.00
2010.05.03 16:12:38.290,7.2775,7.28,1.00,4.00
2010.05.03 16:12:38.591,7.2775,7.2797,1.00,4.00
2010.05.03 16:12:40.183,7.2778,7.27985,1.00,4.00
2010.05.03 16:12:40.640,7.2778,7.2799,1.00,4.00
2010.05.03 16:12:41.273,7.2778,7.27985,1.00,4.00
2010.05.03 16:12:41.991,7.2775,7.2798,1.00,1.60
2010.05.03 16:12:42.190,7.2775,7.2797,1.00,4.00
2010.05.03 16:12:45.316,7.2775,7.27965,1.00,1.60
2010.05.03 16:12:46.477,7.2778,7.27965,1.00,1.60
2010.05.03 16:12:46.760,7.2778,7.2798,1.00,1.60
2010.05.03 16:12:47.217,7.2775,7.2798,1.00,1.60
2010.05.03 16:12:47.563,7.2775,7.2797,1.00,4.00
2010.05.03 16:12:50.868,7.278,7.28,1.00,4.00
2010.05.03 16:12:51.171,7.278,7.28025,1.00,4.00
2010.05.03 16:12:51.490,7.278,7.28015,1.00,4.00
2010.05.03 16:12:51.745,7.2778,7.28015,1.00,4.00
2010.05.03 16:12:52.082,7.2775,7.28005,1.00,5.60
2010.05.03 16:12:52.335,7.2775,7.2797,1.00,4.00
2010.05.03 16:12:54.096,7.278,7.27985,1.00,4.00
2010.05.03 16:12:54.217,7.278,7.2802,1.00,1.60
2010.05.03 16:12:54.334,7.278,7.2802,1.00,5.60
2010.05.03 16:12:54.451,7.278,7.2801,1.00,4.00
2010.05.03 16:12:56.074,7.278,7.2802,1.00,5.60
2010.05.03 16:12:57.209,7.278,7.2801,1.00,4.00
2010.05.03 16:12:58.161,7.278,7.2798,1.00,1.60
2010.05.03 16:12:58.519,7.277,7.2795,1.00,1.60
2010.05.03 16:12:58.803,7.277,7.2795,1.00,5.60
2010.05.03 16:12:58.943,7.277,7.2795,1.00,1.60
2010.05.03 16:13:00.104,7.2772,7.27965,1.00,1.60
2010.05.03 16:13:00.535,7.2774,7.2797,1.00,4.00
2010.05.03 16:13:01.083,7.2774,7.2795,1.00,1.60
2010.05.03 16:13:01.388,7.2774,7.2795,1.00,5.60
2010.05.03 16:13:01.687,7.2775,7.27965,1.00,1.60
2010.05.03 16:13:02.280,7.2774,7.27965,1.00,1.60
2010.05.03 16:13:04.124,7.2774,7.27915,1.00,4.00
2010.05.03 16:13:04.251,7.2769,7.27915,1.00,4.00
2010.05.03 16:13:04.715,7.2772,7.27945,1.00,4.00
2010.05.03 16:13:05.217,7.2772,7.27935,1.00,4.00
2010.05.03 16:13:05.562,7.2772,7.2795,1.00,5.60
2010.05.03 16:13:06.813,7.2769,7.27925,1.00,1.60
2010.05.03 16:13:07.061,7.2769,7.2792,1.00,4.00
2010.05.03 16:13:10.490,7.2769,7.27915,1.00,4.00
2010.05.03 16:13:11.571,7.2769,7.2792,1.00,4.00
2010.05.03 16:13:13.713,7.2774,7.2792,1.00,4.00
2010.05.03 16:13:13.846,7.2772,7.27945,1.00,8.00
2010.05.03 16:13:13.974,7.2772,7.27945,1.00,4.00
2010.05.03 16:13:14.665,7.2772,7.2795,1.00,5.60
2010.05.03 16:13:17.330,7.2772,7.2794,1.00,4.00
2010.05.03 16:13:17.672,7.2772,7.27935,1.00,4.00
2010.05.03 16:13:18.529,7.2772,7.2794,1.00,4.00
2010.05.03 16:13:18.769,7.2772,7.2795,1.00,5.60
2010.05.03 16:13:19.187,7.2774,7.2795,1.00,5.60
2010.05.03 16:13:19.376,7.2774,7.27955,1.00,4.00
2010.05.03 16:13:19.752,7.2774,7.2797,1.00,4.00
2010.05.03 16:13:21.355,7.2769,7.2792,1.00,4.00
2010.05.03 16:13:22.233,7.2769,7.27915,1.00,4.00
2010.05.03 16:13:22.412,7.2772,7.27915,1.00,4.00
2010.05.03 16:13:22.753,7.2772,7.2792,1.00,4.00
2010.05.03 16:13:23.104,7.2775,7.27965,1.00,1.60
2010.05.03 16:13:24.092,7.2772,7.27925,1.00,1.60
2010.05.03 16:13:24.394,7.2775,7.27965,1.00,1.60
2010.05.03 16:13:25.430,7.2775,7.27965,1.00,5.60
2010.05.03 16:13:28.930,7.2775,7.27965,1.00,4.00
2010.05.03 16:13:29.395,7.2778,7.27995,1.00,4.00
2010.05.03 16:13:29.722,7.2778,7.28,1.00,4.00
2010.05.03 16:13:30.964,7.278,7.28005,1.00,4.00
2010.05.03 16:13:31.220,7.278,7.2802,1.00,5.60
2010.05.03 16:13:32.399,7.278,7.2802,1.00,4.00
2010.05.03 16:13:33.000,7.278,7.28005,1.00,1.40
2010.05.03 16:13:33.231,7.2775,7.2797,1.00,4.00
2010.05.03 16:13:35.032,7.2778,7.27995,1.00,4.00
2010.05.03 16:13:36.500,7.2778,7.2798,1.00,1.60
2010.05.03 16:13:36.611,7.2775,7.2797,1.00,4.00
2010.05.03 16:13:36.722,7.2778,7.2797,1.00,4.00
2010.05.03 16:13:36.831,7.2778,7.27995,1.00,8.00
2010.05.03 16:13:36.940,7.2778,7.27995,1.00,4.00
2010.05.03 16:13:40.606,7.2778,7.28005,1.00,1.60
2010.05.03 16:13:42.920,7.2778,7.28,1.00,4.00
2010.05.03 16:13:44.474,7.278,7.28,1.00,4.00
2010.05.03 16:13:44.637,7.278,7.28025,1.00,4.00
2010.05.03 16:13:47.549,7.278,7.2802,1.00,1.60
2010.05.03 16:13:48.032,7.2778,7.28,1.00,4.00
2010.05.03 16:13:48.611,7.2778,7.27995,1.00,4.00
2010.05.03 16:13:52.390,7.2778,7.28,1.00,4.00
2010.05.03 16:13:53.072,7.2778,7.27995,1.00,4.00
2010.05.03 16:13:53.912,7.278,7.27995,1.00,4.00
2010.05.03 16:13:54.290,7.278,7.28025,1.00,4.00
2010.05.03 16:13:54.728,7.2778,7.28005,1.00,1.60
2010.05.03 16:13:54.965,7.2778,7.28,1.00,4.00
2010.05.03 16:13:55.463,7.2778,7.27995,1.00,4.00
2010.05.03 16:13:56.856,7.278,7.27995,1.00,4.00
2010.05.03 16:13:57.132,7.2778,7.28005,1.00,1.60
2010.05.03 16:13:57.400,7.2778,7.28,1.00,4.00
2010.05.03 16:13:58.495,7.278,7.28005,1.00,4.00
2010.05.03 16:13:58.813,7.2775,7.27985,1.00,1.60
2010.05.03 16:13:59.044,7.2778,7.2797,1.00,4.00
2010.05.03 16:13:59.505,7.2775,7.2797,1.00,4.00
2010.05.03 16:14:00.380,7.2776,7.2797,1.00,4.00
2010.05.03 16:14:01.490,7.2776,7.2797,1.00,4.00
2010.05.03 16:14:01.661,7.2776,7.2797,1.00,4.00
2010.05.03 16:14:02.916,7.2779,7.2797,1.00,4.00
2010.05.03 16:14:03.039,7.2776,7.2797,1.00,4.00
2010.05.03 16:14:06.969,7.2779,7.2797,1.00,4.00
2010.05.03 16:14:07.085,7.2776,7.2797,1.00,4.00
2010.05.03 16:14:09.103,7.2776,7.2797,1.00,4.00
2010.05.03 16:14:09.199,7.2776,7.2797,1.00,4.00
2010.05.03 16:14:10.180,7.2779,7.2797,1.00,4.00
2010.05.03 16:14:10.270,7.2776,7.2797,1.00,4.00
2010.05.03 16:14:15.064,7.2779,7.2797,1.00,4.00
2010.05.03 16:14:15.243,7.2779,7.2798,1.00,1.60
2010.05.03 16:14:15.501,7.2779,7.28005,1.00,1.60
2010.05.03 16:14:15.760,7.2779,7.28005,1.00,5.60
2010.05.03 16:14:17.111,7.2779,7.28005,1.00,1.60
2010.05.03 16:14:22.451,7.2779,7.28,1.00,4.00
2010.05.03 16:14:22.905,7.2779,7.27995,1.00,4.00
2010.05.03 16:14:23.152,7.2781,7.2802,1.00,11.00
2010.05.03 16:14:23.282,7.2781,7.2802,1.00,5.60
2010.05.03 16:14:25.600,7.2779,7.28005,1.00,5.60
2010.05.03 16:14:25.782,7.2779,7.28005,1.00,1.60
2010.05.03 16:14:26.512,7.2779,7.28005,1.00,5.60
2010.05.03 16:14:27.040,7.2779,7.28005,1.00,1.60
2010.05.03 16:14:28.345,7.2781,7.28025,1.00,4.00
2010.05.03 16:14:29.051,7.2781,7.28035,1.00,1.60
2010.05.03 16:14:35.539,7.2781,7.28025,1.00,4.00
2010.05.03 16:14:36.132,7.2781,7.28035,1.00,1.60
2010.05.03 16:14:36.599,7.2781,7.28025,1.00,4.00
2010.05.03 16:14:41.480,7.2784,7.28025,1.00,4.00
2010.05.03 16:14:41.600,7.2781,7.28025,1.00,4.00
2010.05.03 16:14:46.114,7.2784,7.28025,1.00,4.00
2010.05.03 16:14:46.249,7.2781,7.28025,1.00,4.00
2010.05.03 16:14:50.222,7.2784,7.28025,1.00,4.00
2010.05.03 16:14:50.652,7.2784,7.2806,1.00,5.60
2010.05.03 16:14:52.985,7.2781,7.28035,1.00,1.60
2010.05.03 16:14:53.381,7.2781,7.28025,1.00,4.00
2010.05.03 16:14:53.756,7.2784,7.28025,1.00,4.00
2010.05.03 16:14:54.030,7.2781,7.28025,1.00,4.00
2010.05.03 16:14:57.961,7.2784,7.28085,1.00,5.40
2010.05.03 16:14:58.210,7.2781,7.28085,1.00,5.40
2010.05.03 16:14:58.899,7.2786,7.28085,1.00,5.40
2010.05.03 16:14:59.838,7.2787,7.28085,1.00,5.40
2010.05.03 16:15:00.240,7.2787,7.28085,1.00,1.40
2010.05.03 16:15:01.811,7.279,7.28085,1.00,1.40
2010.05.03 16:15:02.484,7.279,7.28085,1.00,5.40
2010.05.03 16:15:03.697,7.2787,7.28085,1.00,5.40
2010.05.03 16:15:04.040,7.279,7.28085,1.00,5.40
2010.05.03 16:15:04.221,7.279,7.28095,1.00,4.00
2010.05.03 16:15:04.452,7.279,7.281,1.00,4.00
2010.05.03 16:15:04.637,7.279,7.28105,1.00,1.60
2010.05.03 16:15:07.310,7.2784,7.28105,1.00,1.60
2010.05.03 16:15:07.421,7.2784,7.2806,1.00,4.00
2010.05.03 16:15:07.640,7.2784,7.2806,1.00,5.60
2010.05.03 16:15:07.925,7.2784,7.2806,1.00,1.60
2010.05.03 16:15:08.468,7.2787,7.2806,1.00,1.60
2010.05.03 16:15:08.604,7.2787,7.28075,1.00,4.00
2010.05.03 16:15:08.915,7.2787,7.2808,1.00,4.00
2010.05.03 16:15:15.942,7.2787,7.2809,1.00,6.40
2010.05.03 16:15:16.279,7.2787,7.2809,1.00,2.40
2010.05.03 16:15:23.640,7.2787,7.2809,1.00,6.40
2010.05.03 16:15:24.521,7.2784,7.2806,1.00,1.60
2010.05.03 16:15:27.457,7.2787,7.2806,1.00,1.60
2010.05.03 16:15:27.752,7.2787,7.2808,1.00,4.00
2010.05.03 16:15:34.539,7.2787,7.2809,1.00,6.40
2010.05.03 16:15:35.632,7.279,7.2809,1.00,1.00
2010.05.03 16:15:35.927,7.2793,7.28115,1.00,4.00
2010.05.03 16:15:36.108,7.2793,7.2813,1.00,4.00
2010.05.03 16:15:36.897,7.2793,7.28115,1.00,1.60
2010.05.03 16:15:37.252,7.279,7.28115,1.00,1.60
2010.05.03 16:15:38.650,7.2793,7.28135,1.00,4.00
2010.05.03 16:15:44.593,7.2793,7.28145,1.00,1.60
2010.05.03 16:15:48.610,7.2793,7.28135,1.00,4.00
2010.05.03 16:15:49.413,7.2795,7.28135,1.00,4.00
2010.05.03 16:15:49.730,7.2793,7.28135,1.00,4.00
2010.05.03 16:15:51.725,7.2795,7.2815,1.00,4.00
2010.05.03 16:15:51.943,7.2798,7.28175,1.00,4.00
2010.05.03 16:15:52.339,7.2795,7.2817,1.00,1.60
2010.05.03 16:15:52.556,7.2795,7.2817,1.00,5.60
2010.05.03 16:15:55.141,7.2798,7.2817,1.00,5.60
2010.05.03 16:15:55.231,7.2798,7.2818,1.00,4.00
2010.05.03 16:15:55.323,7.2795,7.2817,1.00,1.60
2010.05.03 16:15:55.492,7.2795,7.2817,1.00,5.60
2010.05.03 16:15:59.432,7.2798,7.2817,1.00,4.00
2010.05.03 16:15:59.685,7.2795,7.2818,1.00,4.00
2010.05.03 16:15:59.829,7.2795,7.2817,1.00,5.60
2010.05.03 16:15:59.996,7.2795,7.2817,1.00,4.00
2010.05.03 16:16:00.304,7.2795,7.2817,1.00,5.60
2010.05.03 16:16:06.191,7.2797,7.2817,1.00,1.60
2010.05.03 16:16:06.386,7.2797,7.2818,1.00,4.00
2010.05.03 16:16:06.574,7.2798,7.2818,1.00,4.00
2010.05.03 16:16:06.863,7.2798,7.28185,1.00,4.00
2010.05.03 16:16:07.218,7.2798,7.28195,1.00,4.00
2010.05.03 16:16:09.199,7.2798,7.282,1.00,5.60
2010.05.03 16:16:09.397,7.2798,7.282,1.00,6.40
2010.05.03 16:16:09.575,7.2793,7.2815,1.00,1.60
2010.05.03 16:16:10.027,7.2793,7.28135,1.00,4.00
2010.05.03 16:16:10.305,7.2793,7.28145,1.00,1.60
2010.05.03 16:16:10.581,7.2793,7.28135,1.00,4.00
2010.05.03 16:16:10.921,7.2793,7.28145,1.00,1.60
2010.05.03 16:16:11.261,7.2793,7.28135,1.00,4.00
2010.05.03 16:16:11.915,7.2792,7.28135,1.00,4.00
2010.05.03 16:16:15.829,7.2793,7.28135,1.00,4.00
2010.05.03 16:16:17.059,7.2793,7.28135,1.00,4.00
2010.05.03 16:16:17.179,7.2793,7.28135,1.00,4.00
2010.05.03 16:16:18.618,7.2795,7.28135,1.00,4.00
2010.05.03 16:16:20.875,7.2792,7.28135,1.00,4.00
2010.05.03 16:16:22.291,7.2789,7.28115,1.00,1.60
2010.05.03 16:16:37.886,7.2786,7.2804,1.00,1.60
2010.05.03 16:16:38.349,7.2781,7.2804,1.00,1.60
2010.05.03 16:16:38.627,7.2781,7.2801,1.00,4.00
2010.05.03 16:16:38.977,7.2781,7.28025,1.00,4.00
2010.05.03 16:16:41.365,7.2784,7.28025,1.00,4.00
2010.05.03 16:16:41.851,7.2781,7.28025,1.00,4.00
2010.05.03 16:16:49.209,7.2784,7.28025,1.00,4.00
2010.05.03 16:16:49.279,7.2781,7.28025,1.00,4.00
2010.05.03 16:16:50.413,7.2784,7.28025,1.00,4.00
2010.05.03 16:16:50.536,7.2781,7.28025,1.00,4.00
2010.05.03 16:16:52.414,7.2784,7.28025,1.00,4.00
2010.05.03 16:16:52.830,7.2781,7.28025,1.00,4.00
2010.05.03 16:16:57.110,7.2784,7.28025,1.00,4.00
2010.05.03 16:16:57.523,7.2784,7.2806,1.00,1.60
2010.05.03 16:16:59.605,7.2781,7.28035,1.00,1.60
2010.05.03 16:16:59.696,7.2781,7.28025,1.00,4.00
2010.05.03 16:17:04.810,7.2784,7.28025,1.00,4.00
2010.05.03 16:17:05.019,7.2781,7.28025,1.00,4.00
2010.05.03 16:17:08.401,7.2784,7.28025,1.00,4.00
2010.05.03 16:17:08.549,7.2781,7.28025,1.00,4.00
2010.05.03 16:17:09.981,7.2778,7.28005,1.00,1.60
2010.05.03 16:17:15.325,7.2778,7.2801,1.00,4.00
2010.05.03 16:17:15.503,7.2781,7.2801,1.00,4.00
2010.05.03 16:17:16.055,7.2781,7.2802,1.00,1.60
2010.05.03 16:17:25.632,7.2781,7.28025,1.00,4.00
2010.05.03 16:17:28.331,7.2781,7.28035,1.00,1.60
2010.05.03 16:17:28.679,7.2781,7.28025,1.00,4.00
2010.05.03 16:17:30.160,7.2781,7.28035,1.00,1.60
2010.05.03 16:17:34.290,7.2781,7.28035,1.00,5.60
2010.05.03 16:17:34.700,7.2781,7.28035,1.00,1.60
2010.05.03 16:17:36.389,7.2784,7.28035,1.00,1.60
2010.05.03 16:17:36.900,7.2781,7.28035,1.00,1.60
2010.05.03 16:17:40.630,7.2781,7.28025,1.00,4.00
2010.05.03 16:17:42.640,7.2781,7.28035,1.00,1.60
2010.05.03 16:17:44.836,7.2786,7.2804,1.00,4.00
2010.05.03 16:17:45.336,7.2786,7.2808,1.00,4.00
2010.05.03 16:17:47.387,7.2789,7.2808,1.00,4.00
2010.05.03 16:17:47.691,7.2789,7.2811,1.00,4.00
2010.05.03 16:17:48.022,7.2786,7.2809,1.00,1.60
2010.05.03 16:17:48.703,7.2786,7.2809,1.00,5.60
2010.05.03 16:17:50.073,7.2784,7.2806,1.00,1.60
2010.05.03 16:17:50.637,7.2781,7.28035,1.00,1.60
2010.05.03 16:17:50.852,7.2781,7.28035,1.00,5.60
2010.05.03 16:17:51.074,7.2781,7.28035,1.00,1.60
2010.05.03 16:17:51.428,7.2784,7.2805,1.00,4.00
2010.05.03 16:17:54.976,7.2784,7.28055,1.00,4.00
2010.05.03 16:17:57.429,7.2786,7.28055,1.00,4.00
2010.05.03 16:17:57.530,7.2786,7.28055,1.00,4.00
2010.05.03 16:17:57.731,7.2786,7.28065,1.00,4.00
2010.05.03 16:17:58.010,7.2786,7.28075,1.00,5.60
2010.05.03 16:17:59.033,7.2786,7.28065,1.00,4.00
2010.05.03 16:17:59.937,7.2781,7.28065,1.00,4.00
2010.05.03 16:18:00.002,7.2781,7.28045,1.00,4.00
2010.05.03 16:18:00.041,7.2781,7.28035,1.00,1.60
2010.05.03 16:18:00.388,7.2784,7.28035,1.00,5.60
2010.05.03 16:18:00.495,7.2781,7.28035,1.00,5.60
2010.05.03 16:18:00.757,7.2781,7.28025,1.00,4.00
2010.05.03 16:18:01.723,7.2781,7.28035,1.00,1.60
2010.05.03 16:18:03.426,7.2784,7.28035,1.00,1.60
2010.05.03 16:18:03.739,7.2781,7.28035,1.00,1.60
2010.05.03 16:18:04.449,7.2784,7.28035,1.00,1.60
2010.05.03 16:18:05.911,7.2781,7.28035,1.00,1.60
2010.05.03 16:18:06.509,7.2781,7.28035,1.00,1.60
2010.05.03 16:18:06.619,7.2781,7.28035,1.00,1.60
2010.05.03 16:18:10.622,7.2784,7.28035,1.00,1.60
2010.05.03 16:18:10.760,7.2784,7.28045,1.00,4.00
2010.05.03 16:18:10.881,7.2784,7.2806,1.00,5.60
2010.05.03 16:18:18.522,7.2781,7.28035,1.00,1.60
2010.05.03 16:18:19.028,7.2781,7.28035,1.00,5.60
2010.05.03 16:18:19.144,7.2781,7.28025,1.00,4.00
2010.05.03 16:18:20.836,7.2781,7.2805,1.00,4.00
2010.05.03 16:18:21.840,7.2783,7.2805,1.00,4.00
2010.05.03 16:18:29.742,7.2783,7.2802,1.00,1.60
2010.05.03 16:18:30.382,7.278,7.28015,1.00,1.60
2010.05.03 16:18:30.726,7.2783,7.2803,1.00,4.00
2010.05.03 16:18:31.076,7.2783,7.2804,1.00,4.00
2010.05.03 16:18:31.401,7.2783,7.28045,1.00,4.00
2010.05.03 16:18:32.963,7.278,7.2802,1.00,1.60
2010.05.03 16:18:33.577,7.278,7.28015,1.00,1.60
2010.05.03 16:18:36.140,7.278,7.28,1.00,1.60
2010.05.03 16:18:36.371,7.2777,7.28,1.00,1.60
2010.05.03 16:18:44.491,7.278,7.28005,1.00,4.00
2010.05.03 16:18:44.860,7.278,7.28015,1.00,1.60
2010.05.03 16:18:45.283,7.278,7.28005,1.00,4.00
2010.05.03 16:18:45.761,7.278,7.28015,1.00,1.60
2010.05.03 16:18:47.274,7.278,7.28015,1.00,5.60
2010.05.03 16:18:47.580,7.278,7.28015,1.00,1.60
2010.05.03 16:18:49.610,7.2777,7.28,1.00,1.60
2010.05.03 16:18:50.116,7.2777,7.27995,1.00,4.00
2010.05.03 16:18:50.243,7.2777,7.2799,1.00,4.00
2010.05.03 16:18:52.450,7.278,7.2799,1.00,4.00
2010.05.03 16:18:52.741,7.2777,7.2799,1.00,4.00
2010.05.03 16:18:53.394,7.278,7.2799,1.00,4.00
2010.05.03 16:18:53.592,7.2777,7.2799,1.00,4.00
2010.05.03 16:18:57.521,7.2783,7.2799,1.00,4.00
2010.05.03 16:18:57.860,7.2783,7.28045,1.00,4.00
2010.05.03 16:18:58.203,7.2783,7.28055,1.00,4.00
2010.05.03 16:18:58.602,7.2783,7.28055,1.00,5.60
2010.05.03 16:18:58.941,7.2786,7.28055,1.00,5.60
2010.05.03 16:18:59.260,7.2783,7.28055,1.00,5.60
2010.05.03 16:19:00.907,7.2786,7.28055,1.00,5.60
2010.05.03 16:19:01.207,7.2783,7.28055,1.00,5.60
2010.05.03 16:19:02.031,7.2786,7.28055,1.00,5.60
2010.05.03 16:19:02.211,7.2783,7.28055,1.00,5.60
2010.05.03 16:19:04.940,7.2783,7.28045,1.00,4.00
2010.05.03 16:19:05.180,7.278,7.28045,1.00,4.00
2010.05.03 16:19:05.276,7.278,7.28015,1.00,1.60
2010.05.03 16:19:06.679,7.2777,7.27995,1.00,4.00
2010.05.03 16:19:07.185,7.2777,7.2799,1.00,4.00
2010.05.03 16:19:07.443,7.2775,7.2799,1.00,4.00
2010.05.03 16:19:07.694,7.2775,7.27965,1.00,1.60
2010.05.03 16:19:08.044,7.2778,7.27965,1.00,1.60
2010.05.03 16:19:08.556,7.2775,7.27965,1.00,1.60
2010.05.03 16:19:12.292,7.2778,7.27965,1.00,1.60
2010.05.03 16:19:12.453,7.2775,7.27965,1.00,1.60
2010.05.03 16:19:14.943,7.2778,7.27965,1.00,1.60
2010.05.03 16:19:15.063,7.2775,7.27965,1.00,1.60
2010.05.03 16:19:16.719,7.2778,7.2797,1.00,4.00
2010.05.03 16:19:16.838,7.2778,7.27995,1.00,4.00
2010.05.03 16:19:17.261,7.2775,7.27995,1.00,4.00
2010.05.03 16:19:17.573,7.2775,7.27975,1.00,4.00
2010.05.03 16:19:17.927,7.2775,7.27965,1.00,1.60
2010.05.03 16:19:18.277,7.2778,7.27965,1.00,1.60
2010.05.03 16:19:18.803,7.2774,7.27965,1.00,1.60
2010.05.03 16:19:19.143,7.2777,7.27965,1.00,1.60
2010.05.03 16:19:20.210,7.2774,7.27965,1.00,1.60
2010.05.03 16:19:23.821,7.2774,7.27955,1.00,4.00
2010.05.03 16:19:24.001,7.2774,7.27965,1.00,1.60
2010.05.03 16:19:30.441,7.2777,7.27965,1.00,1.60
2010.05.03 16:19:30.700,7.2774,7.27965,1.00,1.60
2010.05.03 16:19:45.274,7.27765,7.27965,4.00,1.60
2010.05.03 16:19:45.400,7.27765,7.2802,4.00,1.40
2010.05.03 16:19:45.531,7.27765,7.28065,4.00,4.00
2010.05.03 16:19:45.784,7.27825,7.28065,1.60,4.00
2010.05.03 16:19:46.068,7.27825,7.2814,5.60,1.60
2010.05.03 16:19:46.624,7.2786,7.2814,1.00,1.60
2010.05.03 16:19:48.272,7.2787,7.2814,1.00,1.60
2010.05.03 16:19:49.140,7.2788,7.2814,1.00,1.60
2010.05.03 16:19:49.684,7.2785,7.28085,1.00,1.60
2010.05.03 16:19:49.962,7.2788,7.28085,1.00,1.60
2010.05.03 16:19:50.262,7.2785,7.28085,1.00,1.60
2010.05.03 16:19:52.370,7.2785,7.28085,1.00,5.60
2010.05.03 16:19:52.970,7.2785,7.28075,1.00,1.60
2010.05.03 16:19:54.962,7.2787,7.28075,1.00,1.60
2010.05.03 16:19:55.140,7.2785,7.28075,1.00,1.60
2010.05.03 16:19:56.390,7.2787,7.28075,1.00,1.60
2010.05.03 16:19:56.581,7.2785,7.28075,1.00,1.60
2010.05.03 16:19:56.834,7.2787,7.28075,1.00,1.60
2010.05.03 16:19:57.021,7.2787,7.28075,1.00,1.60
2010.05.03 16:19:57.180,7.2785,7.28075,1.00,1.60
2010.05.03 16:19:59.857,7.2787,7.28075,1.00,1.60
2010.05.03 16:20:00.010,7.2785,7.28075,1.00,1.60
2010.05.03 16:20:08.777,7.2782,7.28075,1.00,1.60
2010.05.03 16:20:08.936,7.2782,7.2806,1.00,4.00
2010.05.03 16:20:09.094,7.2782,7.28065,1.00,4.00
2010.05.03 16:20:09.257,7.2785,7.28065,1.00,4.00
2010.05.03 16:20:09.413,7.2785,7.2806,1.00,4.00
2010.05.03 16:20:09.913,7.2785,7.28075,1.00,1.60
2010.05.03 16:20:10.251,7.2785,7.2807,1.00,4.00
2010.05.03 16:20:10.597,7.2782,7.28055,1.00,4.00
2010.05.03 16:20:11.090,7.2779,7.2802,1.00,1.60
2010.05.03 16:20:36.978,7.2776,7.2802,1.00,1.60
2010.05.03 16:20:37.033,7.2776,7.2797,1.00,1.60
2010.05.03 16:20:37.320,7.2776,7.2802,1.00,3.00
2010.05.03 16:20:37.396,7.2776,7.28015,1.00,4.00
2010.05.03 16:20:37.513,7.2779,7.28015,1.00,4.00
2010.05.03 16:20:37.573,7.2779,7.2802,1.00,1.60
2010.05.03 16:20:46.440,7.2782,7.2803,1.00,4.00
2010.05.03 16:20:46.789,7.2782,7.28075,1.00,1.60
2010.05.03 16:20:47.134,7.2782,7.2806,1.00,4.00
2010.05.03 16:20:49.172,7.2782,7.28055,1.00,4.00
2010.05.03 16:20:49.589,7.2779,7.28055,1.00,4.00
2010.05.03 16:20:49.813,7.2779,7.2802,1.00,1.60
2010.05.03 16:20:54.245,7.2779,7.2797,1.00,1.60
2010.05.03 16:20:54.333,7.2779,7.2802,1.00,1.60
2010.05.03 16:20:58.845,7.27735,7.2802,4.00,1.60
2010.05.03 16:20:59.047,7.2773,7.27965,1.00,1.60
2010.05.03 16:20:59.443,7.2776,7.27965,1.00,1.60
2010.05.03 16:20:59.780,7.2773,7.27965,1.00,1.60
2010.05.03 16:21:01.075,7.2776,7.27965,1.00,1.60
2010.05.03 16:21:01.304,7.2773,7.27965,1.00,1.60
2010.05.03 16:21:02.879,7.2773,7.27965,1.00,1.60
2010.05.03 16:21:03.101,7.2773,7.27965,1.00,1.60
2010.05.03 16:21:04.871,7.2776,7.27965,1.00,1.60
2010.05.03 16:21:06.355,7.2773,7.27965,1.00,1.60
2010.05.03 16:21:10.251,7.2773,7.27915,1.00,1.60
2010.05.03 16:21:10.530,7.2767,7.27915,1.00,1.60
2010.05.03 16:21:10.806,7.27675,7.2795,4.00,1.60
2010.05.03 16:21:11.943,7.277,7.2795,1.00,1.60
2010.05.03 16:21:12.614,7.277,7.2795,1.00,1.60
2010.05.03 16:21:12.912,7.2771,7.2795,1.00,1.60
2010.05.03 16:21:15.406,7.2774,7.2795,1.00,1.60
2010.05.03 16:21:15.793,7.2771,7.2795,1.00,1.60
2010.05.03 16:21:16.904,7.2777,7.2798,1.00,1.60
2010.05.03 16:21:17.347,7.2777,7.2799,1.00,1.60
2010.05.03 16:21:18.383,7.2773,7.27965,1.00,1.60
2010.05.03 16:21:19.975,7.2773,7.27965,1.00,1.60
2010.05.03 16:21:20.240,7.2773,7.27965,1.00,1.60
2010.05.03 16:21:32.021,7.2776,7.27965,1.00,1.60
2010.05.03 16:21:32.322,7.2773,7.27965,1.00,1.60
2010.05.03 16:21:35.102,7.2776,7.27965,1.00,1.60
2010.05.03 16:21:37.292,7.2773,7.27965,1.00,1.60
2010.05.03 16:21:37.924,7.2776,7.27965,1.00,1.60
2010.05.03 16:21:38.150,7.2773,7.27965,1.00,1.60
2010.05.03 16:21:38.923,7.2776,7.27965,1.00,1.60
2010.05.03 16:21:39.140,7.2773,7.27965,1.00,1.60
2010.05.03 16:22:02.418,7.2776,7.27965,1.00,1.60
2010.05.03 16:22:02.634,7.2773,7.27965,1.00,1.60
2010.05.03 16:22:05.755,7.276,7.27905,1.00,4.00
2010.05.03 16:22:07.431,7.2763,7.27905,1.00,4.00
2010.05.03 16:22:07.631,7.2765,7.2792,1.00,4.00
2010.05.03 16:22:07.833,7.2763,7.27895,1.00,4.00
2010.05.03 16:22:08.479,7.2765,7.27915,1.00,4.00
2010.05.03 16:22:10.870,7.2765,7.2792,1.00,4.00
2010.05.03 16:22:18.260,7.2763,7.2792,1.00,4.00
2010.05.03 16:22:18.562,7.2763,7.27905,1.00,4.00
2010.05.03 16:22:19.391,7.2763,7.27885,1.00,4.00
2010.05.03 16:22:20.667,7.2763,7.27885,1.00,4.00
2010.05.03 16:22:21.016,7.2763,7.27895,1.00,4.00
2010.05.03 16:22:21.373,7.2765,7.27885,1.00,4.00
2010.05.03 16:22:21.715,7.2765,7.27905,1.00,4.00
2010.05.03 16:22:22.406,7.2765,7.2783,1.00,4.00
2010.05.03 16:22:22.617,7.2763,7.2783,1.00,4.00
2010.05.03 16:22:22.928,7.2763,7.2783,1.00,4.00
2010.05.03 16:22:23.146,7.2763,7.2783,1.00,4.00
2010.05.03 16:22:24.492,7.2763,7.27885,1.00,4.00
2010.05.03 16:22:27.187,7.2765,7.27885,1.00,4.00
2010.05.03 16:22:27.386,7.2765,7.27915,1.00,4.00
2010.05.03 16:22:28.073,7.2765,7.27905,1.00,4.00
2010.05.03 16:22:36.345,7.276,7.27815,1.00,4.00
2010.05.03 16:22:36.581,7.2758,7.27815,1.00,4.00
2010.05.03 16:22:38.652,7.2758,7.278,1.00,4.00
2010.05.03 16:22:38.994,7.2758,7.27805,1.00,4.00
2010.05.03 16:22:39.345,7.2758,7.27815,1.00,4.00
2010.05.03 16:22:39.850,7.2761,7.2781,1.00,1.60
2010.05.03 16:22:40.018,7.2758,7.2781,1.00,1.60
2010.05.03 16:22:42.941,7.2758,7.27805,1.00,4.00
2010.05.03 16:22:48.123,7.2758,7.2778,1.00,1.60
2010.05.03 16:22:48.761,7.2755,7.2778,1.00,1.60
2010.05.03 16:22:59.792,7.2753,7.27755,1.00,1.60
2010.05.03 16:23:01.172,7.2753,7.2778,1.00,5.60
2010.05.03 16:23:01.511,7.2755,7.2778,1.00,1.60
2010.05.03 16:23:05.589,7.275,7.27725,1.00,1.60
2010.05.03 16:23:05.847,7.2753,7.27755,1.00,1.60
2010.05.03 16:23:07.713,7.275,7.27725,1.00,1.60
2010.05.03 16:23:10.570,7.2745,7.27725,1.00,1.60
2010.05.03 16:23:10.722,7.2745,7.2769,1.00,5.60
2010.05.03 16:23:11.967,7.2747,7.2769,1.00,5.60
2010.05.03 16:23:12.318,7.275,7.27715,1.00,8.00
2010.05.03 16:23:12.625,7.2747,7.2769,1.00,4.00
2010.05.03 16:23:12.910,7.2747,7.2772,1.00,4.00
2010.05.03 16:23:14.434,7.275,7.27725,1.00,4.00
2010.05.03 16:23:14.988,7.2753,7.2773,1.00,4.00
2010.05.03 16:23:15.269,7.275,7.2773,1.00,4.00
2010.05.03 16:23:18.392,7.2751,7.27745,1.00,1.60
2010.05.03 16:23:19.073,7.2754,7.27745,1.00,1.60
2010.05.03 16:23:19.417,7.2757,7.2779,1.00,4.00
2010.05.03 16:23:19.857,7.2757,7.278,1.00,5.60
2010.05.03 16:23:20.119,7.2754,7.27785,1.00,4.00
2010.05.03 16:23:20.380,7.2757,7.278,1.00,1.60
2010.05.03 16:23:21.152,7.2757,7.278,1.00,5.60
2010.05.03 16:23:22.622,7.2757,7.278,1.00,1.60
2010.05.03 16:23:24.044,7.2754,7.27795,1.00,4.00
2010.05.03 16:23:24.381,7.2754,7.27765,1.00,4.00
2010.05.03 16:23:28.538,7.2754,7.27775,1.00,4.00
2010.05.03 16:23:28.890,7.2754,7.27785,1.00,4.00
2010.05.03 16:23:29.332,7.2754,7.2779,1.00,4.00
2010.05.03 16:23:32.559,7.276,7.27795,1.00,4.00
2010.05.03 16:23:32.728,7.2763,7.27855,1.00,1.60
2010.05.03 16:23:33.337,7.276,7.27855,1.00,1.60
2010.05.03 16:23:34.559,7.276,7.2784,1.00,4.00
2010.05.03 16:23:36.007,7.2763,7.2784,1.00,4.00
2010.05.03 16:23:36.167,7.2763,7.27855,1.00,1.60
2010.05.03 16:23:44.480,7.276,7.27855,1.00,1.60
2010.05.03 16:23:44.673,7.276,7.27845,1.00,4.00
2010.05.03 16:23:46.312,7.2757,7.278,1.00,1.60
2010.05.03 16:23:46.518,7.2757,7.2782,1.00,4.00
2010.05.03 16:23:46.728,7.276,7.2782,1.00,4.00
2010.05.03 16:23:47.132,7.276,7.27845,1.00,4.00
2010.05.03 16:23:48.213,7.276,7.27815,1.00,4.00
2010.05.03 16:23:48.501,7.276,7.27845,1.00,4.00
2010.05.03 16:23:49.953,7.2766,7.27845,1.00,4.00
2010.05.03 16:23:50.101,7.2763,7.27855,1.00,1.60
2010.05.03 16:23:50.431,7.2763,7.27845,1.00,4.00
2010.05.03 16:23:50.777,7.2763,7.2791,1.00,1.60
2010.05.03 16:23:51.123,7.2765,7.2791,1.00,5.60
2010.05.03 16:23:52.707,7.2763,7.27855,1.00,1.60
2010.05.03 16:24:00.573,7.2762,7.27855,1.00,1.60
2010.05.03 16:24:01.012,7.2763,7.27855,1.00,1.60
2010.05.03 16:24:04.502,7.2768,7.27855,1.00,1.60
2010.05.03 16:24:04.752,7.2768,7.2791,1.00,1.60
2010.05.03 16:24:08.397,7.2771,7.2791,1.00,1.60
2010.05.03 16:24:09.189,7.2768,7.2791,1.00,1.60
2010.05.03 16:24:09.502,7.2771,7.2791,1.00,1.60
2010.05.03 16:24:09.811,7.2768,7.2791,1.00,1.60
2010.05.03 16:24:13.971,7.2768,7.2791,1.00,5.60
2010.05.03 16:24:14.719,7.2768,7.2791,1.00,1.60
2010.05.03 16:24:20.617,7.2768,7.2791,1.00,1.60
2010.05.03 16:24:20.810,7.2768,7.2791,1.00,1.60
2010.05.03 16:24:21.945,7.277,7.2791,1.00,1.60
2010.05.03 16:24:23.573,7.2768,7.2791,1.00,1.60
2010.05.03 16:24:27.425,7.2765,7.27905,1.00,4.00
2010.05.03 16:24:27.804,7.2765,7.279,1.00,4.00
2010.05.03 16:24:28.095,7.2763,7.2788,1.00,4.00
2010.05.03 16:24:29.765,7.2763,7.27885,1.00,4.00
2010.05.03 16:24:31.724,7.2761,7.27855,1.00,1.60
2010.05.03 16:24:36.931,7.2761,7.2785,1.00,1.60
2010.05.03 16:24:41.556,7.2758,7.27835,1.00,4.00
2010.05.03 16:24:41.667,7.2758,7.2779,1.00,4.00
2010.05.03 16:24:41.773,7.2758,7.2781,1.00,4.00
2010.05.03 16:24:44.409,7.2758,7.2782,1.00,4.00
2010.05.03 16:24:46.395,7.2758,7.2781,1.00,4.00
2010.05.03 16:24:47.474,7.2755,7.27795,1.00,1.60
2010.05.03 16:24:47.723,7.2755,7.2778,1.00,4.00
2010.05.03 16:24:49.549,7.2761,7.27835,1.00,4.00
2010.05.03 16:24:51.962,7.2766,7.2786,1.00,4.00
2010.05.03 16:24:52.162,7.2766,7.27885,1.00,4.00
2010.05.03 16:24:54.383,7.2764,7.27885,1.00,4.00
2010.05.03 16:24:54.666,7.2764,7.2788,1.00,4.00
2010.05.03 16:24:54.866,7.2764,7.27865,1.00,4.00
2010.05.03 16:24:55.095,7.2764,7.2786,1.00,4.00
2010.05.03 16:25:02.571,7.2764,7.2787,1.00,4.00
2010.05.03 16:25:04.986,7.2764,7.27865,1.00,4.00
2010.05.03 16:25:09.731,7.2761,7.27865,1.00,4.00
2010.05.03 16:25:10.013,7.2761,7.27835,1.00,4.00
2010.05.03 16:25:10.624,7.2764,7.27835,1.00,4.00
2010.05.03 16:25:10.802,7.2764,7.2785,1.00,1.60
2010.05.03 16:25:10.982,7.2764,7.2786,1.00,4.00
2010.05.03 16:25:20.140,7.2761,7.2785,1.00,1.60
2010.05.03 16:25:20.400,7.2761,7.27835,1.00,4.00
2010.05.03 16:25:24.697,7.2759,7.27835,1.00,4.00
2010.05.03 16:25:24.862,7.2759,7.27825,1.00,4.00
2010.05.03 16:25:25.954,7.2759,7.2778,1.00,1.60
2010.05.03 16:25:26.303,7.2754,7.2778,1.00,1.60
2010.05.03 16:25:28.355,7.2757,7.2778,1.00,1.60
2010.05.03 16:25:38.515,7.2754,7.2778,1.00,1.60
2010.05.03 16:25:44.601,7.2754,7.27765,1.00,4.00
2010.05.03 16:25:44.714,7.2751,7.2778,1.00,1.60
2010.05.03 16:25:45.046,7.2754,7.2778,1.00,1.60
2010.05.03 16:25:49.811,7.2754,7.27765,1.00,4.00
2010.05.03 16:25:50.955,7.2757,7.2778,1.00,1.60
2010.05.03 16:26:04.982,7.276,7.27805,1.00,4.00
2010.05.03 16:26:05.284,7.276,7.2781,1.00,4.00
2010.05.03 16:26:05.392,7.276,7.27825,1.00,4.00
2010.05.03 16:26:13.722,7.276,7.27815,1.00,4.00
2010.05.03 16:26:18.330,7.276,7.27835,1.00,1.60
2010.05.03 16:26:28.763,7.276,7.27815,1.00,4.00
2010.05.03 16:26:29.102,7.276,7.27825,1.00,4.00
2010.05.03 16:26:30.716,7.276,7.27815,1.00,4.00
2010.05.03 16:26:31.023,7.276,7.27825,1.00,4.00
2010.05.03 16:26:38.927,7.276,7.27835,1.00,1.60
2010.05.03 16:26:41.014,7.276,7.2783,1.00,4.00
2010.05.03 16:26:44.834,7.276,7.27835,1.00,5.60
2010.05.03 16:26:45.158,7.276,7.27825,1.00,4.00
2010.05.03 16:26:51.545,7.2763,7.27835,1.00,1.60
2010.05.03 16:26:54.615,7.276,7.27835,1.00,1.60
2010.05.03 16:26:59.054,7.2763,7.27835,1.00,1.60
2010.05.03 16:27:00.305,7.276,7.27835,1.00,5.60
2010.05.03 16:27:00.719,7.276,7.27835,1.00,1.60
2010.05.03 16:27:04.698,7.2763,7.27835,1.00,1.60
2010.05.03 16:27:19.373,7.276,7.27835,1.00,1.60
2010.05.03 16:27:21.740,7.2763,7.27835,1.00,1.60
2010.05.03 16:27:29.172,7.2765,7.27835,1.00,1.60
2010.05.03 16:27:29.374,7.2768,7.2787,1.00,4.00
2010.05.03 16:27:29.673,7.2768,7.27885,1.00,4.00
2010.05.03 16:27:29.883,7.2768,7.2789,1.00,1.60
2010.05.03 16:27:36.407,7.2765,7.2789,1.00,1.60
2010.05.03 16:27:36.736,7.2765,7.2788,1.00,4.00
2010.05.03 16:27:36.846,7.2765,7.2789,1.00,5.60
2010.05.03 16:27:37.468,7.2768,7.2789,1.00,1.60
2010.05.03 16:27:38.874,7.2765,7.2789,1.00,1.60
2010.05.03 16:27:41.176,7.2765,7.27885,1.00,4.00
2010.05.03 16:27:42.485,7.2765,7.27865,1.00,4.00
2010.05.03 16:27:42.784,7.2763,7.27835,1.00,1.60
2010.05.03 16:27:43.844,7.2765,7.27835,1.00,1.60
2010.05.03 16:27:44.181,7.2763,7.27835,1.00,1.60
2010.05.03 16:27:47.002,7.2762,7.27835,1.00,1.60
2010.05.03 16:27:48.546,7.2765,7.27835,1.00,1.60
2010.05.03 16:27:48.703,7.2762,7.27835,1.00,1.60
2010.05.03 16:27:49.936,7.2765,7.27835,1.00,1.60
2010.05.03 16:27:50.936,7.2762,7.27835,1.00,1.60
2010.05.03 16:27:52.832,7.2762,7.27875,1.00,4.00
2010.05.03 16:27:53.176,7.2762,7.27835,1.00,4.00
2010.05.03 16:27:53.284,7.2756,7.2785,1.70,5.60
2010.05.03 16:27:53.565,7.2759,7.2785,1.00,5.60
2010.05.03 16:27:53.683,7.2761,7.2785,1.00,5.60
2010.05.03 16:27:53.797,7.2761,7.27845,1.00,1.60
2010.05.03 16:27:54.463,7.2761,7.2785,1.00,1.60
2010.05.03 16:27:55.537,7.2764,7.27875,1.00,4.00
2010.05.03 16:27:56.317,7.2767,7.27875,1.00,4.00
2010.05.03 16:27:56.633,7.2764,7.27875,1.00,4.00
2010.05.03 16:27:57.123,7.2767,7.27875,1.00,4.00
2010.05.03 16:27:57.440,7.277,7.2793,1.00,4.00
2010.05.03 16:27:58.825,7.2767,7.27905,1.00,5.60
2010.05.03 16:27:59.478,7.277,7.2793,1.00,4.00
2010.05.03 16:28:01.346,7.2767,7.2793,1.00,4.00
2010.05.03 16:28:01.648,7.2767,7.27905,1.00,5.60
2010.05.03 16:28:03.134,7.2767,7.27905,1.00,1.60
2010.05.03 16:28:03.433,7.2764,7.27905,1.00,1.60
2010.05.03 16:28:03.971,7.2764,7.2786,1.00,4.00
2010.05.03 16:28:04.559,7.2767,7.27895,1.00,4.00
2010.05.03 16:28:04.856,7.2767,7.279,1.00,5.60
2010.05.03 16:28:05.855,7.2764,7.27885,1.00,1.60
2010.05.03 16:28:05.981,7.2764,7.2785,1.00,1.60
2010.05.03 16:28:06.114,7.2762,7.2785,1.00,1.60
2010.05.03 16:28:06.403,7.2762,7.27865,1.00,4.00
2010.05.03 16:28:06.545,7.2764,7.27865,1.00,4.00
2010.05.03 16:28:06.811,7.2767,7.279,1.00,5.60
2010.05.03 16:28:14.101,7.2764,7.27885,1.00,1.60
2010.05.03 16:28:14.311,7.2764,7.27875,1.00,4.00
2010.05.03 16:28:17.331,7.2762,7.27875,1.00,4.00
2010.05.03 16:28:17.462,7.2762,7.2785,1.00,1.60
2010.05.03 16:28:19.013,7.2764,7.2785,1.00,1.60
2010.05.03 16:28:19.335,7.2764,7.2785,1.00,1.60
2010.05.03 16:28:19.655,7.2764,7.27875,1.00,4.00
2010.05.03 16:28:27.402,7.2767,7.27875,1.00,4.00
2010.05.03 16:28:27.740,7.2764,7.27875,1.00,4.00
2010.05.03 16:28:32.263,7.2764,7.2785,1.00,1.60
2010.05.03 16:28:32.601,7.2764,7.27845,1.00,1.60
2010.05.03 16:28:33.193,7.2762,7.27845,1.00,1.60
2010.05.03 16:28:34.338,7.2762,7.2786,1.00,4.00
2010.05.03 16:28:34.903,7.2762,7.27875,1.00,4.00
2010.05.03 16:28:35.163,7.2764,7.27875,1.00,4.00
2010.05.03 16:28:36.805,7.2762,7.27875,1.00,4.00
2010.05.03 16:28:36.931,7.2762,7.2785,1.00,1.60
2010.05.03 16:28:41.812,7.2764,7.2785,1.00,1.60
2010.05.03 16:28:42.102,7.2764,7.2786,1.00,4.00
2010.05.03 16:28:42.393,7.2764,7.27875,1.00,4.00
2010.05.03 16:28:47.139,7.2762,7.2785,1.00,1.60
2010.05.03 16:28:54.482,7.2762,7.27845,1.00,1.60
2010.05.03 16:29:00.271,7.2761,7.27845,1.00,1.60
2010.05.03 16:29:03.231,7.2761,7.2785,1.00,1.60
2010.05.03 16:29:15.006,7.2761,7.2786,1.00,4.00
2010.05.03 16:29:15.260,7.2764,7.27875,1.00,4.00
2010.05.03 16:29:17.189,7.2761,7.27875,1.00,4.00
2010.05.03 16:29:17.597,7.2762,7.2785,1.00,1.60
2010.05.03 16:29:18.221,7.2761,7.2785,1.00,1.60
2010.05.03 16:29:18.314,7.2761,7.2785,1.00,1.60
2010.05.03 16:29:18.402,7.2762,7.2785,1.00,1.60
2010.05.03 16:29:25.474,7.2764,7.27865,1.00,4.00
2010.05.03 16:29:25.710,7.2764,7.2786,1.00,4.00
2010.05.03 16:29:25.777,7.2764,7.27875,1.00,4.00
2010.05.03 16:29:32.962,7.2764,7.2785,1.00,1.60
2010.05.03 16:29:33.302,7.2764,7.27875,1.00,4.00
2010.05.03 16:29:49.885,7.2762,7.27835,1.00,4.00
2010.05.03 16:29:50.166,7.2762,7.2783,1.00,4.00
2010.05.03 16:29:50.449,7.2762,7.27845,1.00,1.60
2010.05.03 16:29:52.222,7.2759,7.27845,1.00,1.60
2010.05.03 16:29:52.650,7.2759,7.2785,1.00,1.60
2010.05.03 16:29:53.412,7.2761,7.2785,1.00,1.60
2010.05.03 16:29:54.661,7.2762,7.2785,1.00,1.60
2010.05.03 16:29:59.505,7.2762,7.27865,1.00,4.00
2010.05.03 16:29:59.981,7.2765,7.27885,1.00,4.00
2010.05.03 16:30:00.505,7.2768,7.27885,1.00,4.00
2010.05.03 16:30:00.945,7.2765,7.27905,1.00,1.60
2010.05.03 16:30:01.228,7.2765,7.2789,1.00,4.00
2010.05.03 16:30:02.584,7.2765,7.279,1.00,4.00
2010.05.03 16:30:04.185,7.2765,7.2785,1.00,1.60
2010.05.03 16:30:04.487,7.276,7.2785,1.00,1.60
2010.05.03 16:30:04.786,7.276,7.27845,1.00,4.00
2010.05.03 16:30:05.386,7.2762,7.2784,1.00,4.00
2010.05.03 16:30:05.734,7.2765,7.2788,1.00,4.00
2010.05.03 16:30:06.083,7.2765,7.27895,1.00,4.00
2010.05.03 16:30:09.206,7.2762,7.2785,1.00,1.60
2010.05.03 16:30:09.427,7.2765,7.2785,1.00,1.60
2010.05.03 16:30:09.694,7.2762,7.2785,1.00,1.60
2010.05.03 16:30:14.603,7.2759,7.27845,1.00,4.00
2010.05.03 16:30:15.397,7.2762,7.2784,1.00,4.00
2010.05.03 16:30:15.598,7.2759,7.2785,1.00,1.60
2010.05.03 16:30:15.795,7.2759,7.27845,1.00,4.00
2010.05.03 16:30:23.533,7.2762,7.27845,1.00,4.00
2010.05.03 16:30:23.736,7.2762,7.2785,1.00,1.60
2010.05.03 16:30:25.468,7.2759,7.2784,1.00,4.00
2010.05.03 16:30:25.819,7.2759,7.27845,1.00,4.00
2010.05.03 16:30:26.564,7.2762,7.2784,1.00,4.00
2010.05.03 16:30:26.833,7.2762,7.2785,1.00,1.60
2010.05.03 16:30:28.456,7.2759,7.2785,1.00,1.60
2010.05.03 16:30:28.664,7.2759,7.27845,1.00,4.00
2010.05.03 16:30:29.044,7.2762,7.2785,1.00,1.60
2010.05.03 16:30:29.399,7.2759,7.2785,1.00,1.60
2010.05.03 16:30:29.746,7.2762,7.2785,1.00,1.60
2010.05.03 16:30:35.464,7.2761,7.27835,1.00,4.00
2010.05.03 16:30:37.331,7.2759,7.27835,1.00,4.00
2010.05.03 16:30:37.452,7.2759,7.27835,1.00,4.00
2010.05.03 16:30:37.777,7.2759,7.27825,1.00,4.00
2010.05.03 16:30:38.701,7.2758,7.27825,1.00,4.00
2010.05.03 16:30:38.902,7.2758,7.27835,1.00,4.00
2010.05.03 16:30:39.243,7.2761,7.27835,1.00,4.00
2010.05.03 16:30:40.164,7.2758,7.27835,1.00,4.00
2010.05.03 16:30:40.324,7.2758,7.27835,1.00,4.00
2010.05.03 16:30:40.782,7.2758,7.27825,1.00,4.00
2010.05.03 16:30:41.181,7.2758,7.2783,1.00,4.00
2010.05.03 16:30:43.677,7.2758,7.27825,1.00,4.00
2010.05.03 16:30:46.960,7.2758,7.2783,1.00,4.00
2010.05.03 16:30:47.322,7.2755,7.27795,1.00,1.60
2010.05.03 16:30:48.021,7.2755,7.27795,1.00,1.60
2010.05.03 16:30:48.364,7.2755,7.27795,1.00,1.60
2010.05.03 16:30:48.702,7.2758,7.27795,1.00,1.60
2010.05.03 16:30:49.042,7.2759,7.27795,1.00,1.60
2010.05.03 16:30:49.793,7.2756,7.27795,1.00,1.60
2010.05.03 16:30:50.039,7.2759,7.27795,1.00,1.60
2010.05.03 16:30:50.202,7.2756,7.27795,1.00,1.60
2010.05.03 16:30:51.415,7.2759,7.27795,1.00,1.60
2010.05.03 16:30:51.862,7.2756,7.27795,1.00,1.60
2010.05.03 16:30:52.579,7.2757,7.27795,1.00,1.60
2010.05.03 16:30:52.804,7.276,7.27795,1.00,1.60
2010.05.03 16:30:52.913,7.276,7.2782,1.00,4.00
2010.05.03 16:30:53.134,7.276,7.2783,1.00,4.00
2010.05.03 16:30:53.242,7.276,7.2784,1.00,4.00
2010.05.03 16:30:55.816,7.2759,7.2784,1.00,4.00
2010.05.03 16:30:57.802,7.276,7.2784,1.00,4.00
2010.05.03 16:31:02.003,7.2762,7.27845,1.00,4.00
2010.05.03 16:31:02.352,7.2762,7.2785,1.00,1.60
2010.05.03 16:31:07.963,7.276,7.27845,1.00,4.00
2010.05.03 16:31:08.302,7.276,7.2783,1.00,4.00
2010.05.03 16:31:08.903,7.276,7.2784,1.00,4.00
2010.05.03 16:31:09.423,7.276,7.27845,1.00,4.00
2010.05.03 16:31:10.181,7.276,7.2784,1.00,4.00
2010.05.03 16:31:10.786,7.276,7.27845,1.00,4.00
2010.05.03 16:31:15.464,7.2762,7.27845,1.00,4.00
2010.05.03 16:31:15.574,7.2762,7.2785,1.00,1.60
2010.05.03 16:31:32.926,7.2762,7.27875,1.00,1.60
2010.05.03 16:31:33.924,7.2764,7.27875,1.00,1.60
2010.05.03 16:31:34.593,7.2764,7.2785,1.00,1.60
2010.05.03 16:31:35.418,7.2762,7.2785,1.00,1.60
2010.05.03 16:31:36.464,7.2765,7.2785,1.00,1.60
2010.05.03 16:31:36.641,7.2765,7.27875,1.00,1.60
2010.05.03 16:32:19.267,7.2765,7.27885,1.00,4.00
2010.05.03 16:32:19.602,7.2765,7.279,1.00,4.00
2010.05.03 16:32:19.772,7.277,7.2793,1.00,5.60
2010.05.03 16:32:26.025,7.2773,7.2795,1.00,4.00
2010.05.03 16:32:26.816,7.2773,7.2796,1.00,1.60
2010.05.03 16:32:33.754,7.2773,7.2795,1.00,4.00
2010.05.03 16:32:39.801,7.2773,7.2796,1.00,1.60
2010.05.03 16:32:52.323,7.2775,7.2796,1.00,1.60
2010.05.03 16:32:52.386,7.2775,7.27965,1.00,4.00
2010.05.03 16:32:52.448,7.2775,7.2799,1.00,1.60
2010.05.03 16:32:56.752,7.2775,7.2799,1.00,5.60
2010.05.03 16:33:08.872,7.277,7.2799,1.00,5.60
2010.05.03 16:33:09.032,7.277,7.27975,1.00,4.00
2010.05.03 16:33:09.527,7.277,7.2793,1.00,1.60
2010.05.03 16:33:09.883,7.2773,7.2797,1.00,4.00
2010.05.03 16:33:10.224,7.2773,7.2798,1.00,1.60
2010.05.03 16:33:10.912,7.2775,7.2798,1.00,1.60
2010.05.03 16:33:14.884,7.2772,7.2795,1.00,1.60
2010.05.03 16:33:17.542,7.2775,7.2795,1.00,1.60
2010.05.03 16:33:18.542,7.2772,7.2795,1.00,1.60
2010.05.03 16:33:18.883,7.2775,7.27955,1.00,4.00
2010.05.03 16:33:19.231,7.2775,7.2798,1.00,5.60
2010.05.03 16:33:19.412,7.2775,7.2798,1.00,1.60
2010.05.03 16:33:21.066,7.2778,7.28005,1.00,1.60
2010.05.03 16:33:21.758,7.2778,7.2798,1.00,1.60
2010.05.03 16:33:22.237,7.2778,7.2798,1.00,1.60
2010.05.03 16:33:29.443,7.2778,7.28005,1.00,1.60
2010.05.03 16:33:29.790,7.2778,7.28005,1.00,1.60
2010.05.03 16:33:42.487,7.27835,7.2806,1.00,1.60
2010.05.03 16:33:45.563,7.27835,7.28035,1.00,1.60
2010.05.03 16:33:46.018,7.2781,7.28035,1.00,1.60
2010.05.03 16:33:53.824,7.2783,7.2805,1.00,4.00
2010.05.03 16:33:53.993,7.2783,7.2806,1.00,1.60
2010.05.03 16:33:55.760,7.2781,7.2806,1.00,1.60
2010.05.03 16:33:55.851,7.2781,7.28035,1.00,1.60
2010.05.03 16:33:55.944,7.2783,7.28035,1.00,1.60
2010.05.03 16:33:56.034,7.2783,7.2805,1.00,4.00
2010.05.03 16:33:56.306,7.27835,7.2805,1.00,4.00
2010.05.03 16:33:56.399,7.27835,7.2806,1.00,1.60
2010.05.03 16:34:07.261,7.2783,7.2806,1.00,1.60
2010.05.03 16:34:16.679,7.2783,7.2806,1.00,1.60
2010.05.03 16:34:16.861,7.2783,7.2805,1.00,4.00
2010.05.03 16:34:19.306,7.2783,7.28055,1.00,4.00
2010.05.03 16:34:19.700,7.2783,7.2805,1.00,4.00
2010.05.03 16:34:19.972,7.2783,7.28055,1.00,4.00
2010.05.03 16:34:21.974,7.2783,7.2806,1.00,5.60
2010.05.03 16:34:48.944,7.2786,7.2806,1.00,5.60
2010.05.03 16:34:49.157,7.2789,7.28085,1.00,4.00
2010.05.03 16:34:49.367,7.2789,7.281,1.00,4.00
2010.05.03 16:34:49.575,7.2789,7.28115,1.00,5.60
2010.05.03 16:34:49.923,7.2789,7.28115,1.00,1.60
2010.05.03 16:34:51.686,7.2786,7.28115,1.00,1.60
2010.05.03 16:34:51.942,7.2786,7.2809,1.00,1.60
2010.05.03 16:34:53.032,7.2792,7.28135,1.00,4.00
2010.05.03 16:34:53.382,7.2794,7.2816,1.00,4.00
2010.05.03 16:34:53.728,7.2792,7.2816,1.00,4.00
2010.05.03 16:34:54.076,7.2792,7.2814,1.00,4.00
2010.05.03 16:34:55.524,7.2792,7.28115,1.00,1.60
2010.05.03 16:34:55.825,7.2789,7.2809,1.00,1.60
2010.05.03 16:34:56.106,7.2786,7.2809,1.00,1.60
2010.05.03 16:34:58.847,7.2789,7.2809,1.00,1.60
2010.05.03 16:34:59.093,7.2789,7.28115,1.00,3.00
2010.05.03 16:34:59.319,7.2789,7.28115,1.00,1.60
2010.05.03 16:35:05.117,7.2792,7.28145,1.00,1.60
2010.05.03 16:35:05.362,7.2789,7.28145,1.00,1.60
2010.05.03 16:35:05.598,7.2792,7.28145,1.00,1.60
2010.05.03 16:35:24.818,7.2789,7.28115,1.00,1.60
2010.05.03 16:35:25.777,7.2789,7.28065,1.00,4.00
2010.05.03 16:35:25.959,7.2786,7.2809,1.00,1.60
2010.05.03 16:35:28.425,7.2789,7.2809,1.00,1.60
2010.05.03 16:35:28.652,7.2789,7.2811,1.00,4.00
2010.05.03 16:35:28.873,7.2789,7.28115,1.00,1.60
2010.05.03 16:35:33.695,7.2789,7.28145,1.00,1.40
2010.05.03 16:35:33.886,7.2794,7.2817,1.00,1.60
2010.05.03 16:35:46.567,7.2792,7.2817,1.00,1.60
2010.05.03 16:35:46.769,7.2794,7.2817,1.00,1.60
2010.05.03 16:35:46.968,7.2794,7.2817,1.00,5.60
2010.05.03 16:35:47.163,7.2794,7.2817,1.00,1.60
2010.05.03 16:35:50.562,7.2789,7.2817,1.00,1.60
2010.05.03 16:35:50.652,7.2789,7.2817,1.00,1.60
2010.05.03 16:35:50.744,7.2789,7.28115,1.00,1.60
2010.05.03 16:35:51.015,7.2792,7.28115,1.00,1.60
2010.05.03 16:35:51.717,7.2792,7.28145,1.00,1.60
2010.05.03 16:36:00.789,7.2794,7.28165,1.00,4.00
2010.05.03 16:36:01.034,7.2794,7.2817,1.00,1.60
2010.05.03 16:36:03.086,7.2797,7.28225,1.00,3.20
2010.05.03 16:36:03.338,7.28,7.28225,1.00,1.60
2010.05.03 16:36:08.551,7.2797,7.2822,1.00,4.00
2010.05.03 16:36:08.828,7.28,7.2821,1.00,4.00
2010.05.03 16:36:09.103,7.28,7.28225,1.00,1.60
2010.05.03 16:36:09.641,7.28,7.28255,1.00,3.00
2010.05.03 16:36:09.915,7.2805,7.2828,1.00,1.60
2010.05.03 16:36:10.482,7.2805,7.28255,1.00,1.60
2010.05.03 16:36:10.783,7.2803,7.28255,1.00,1.60
2010.05.03 16:36:11.757,7.2805,7.2828,1.00,5.60
2010.05.03 16:36:12.474,7.2803,7.2828,1.00,5.60
2010.05.03 16:36:12.744,7.2805,7.2828,1.00,5.60
2010.05.03 16:36:21.433,7.2805,7.2828,1.00,1.60
2010.05.03 16:36:26.924,7.2808,7.2828,1.00,1.60
2010.05.03 16:36:27.269,7.2808,7.2829,1.00,2.30
2010.05.03 16:36:28.496,7.2805,7.2828,1.00,1.60
2010.05.03 16:36:34.201,7.2808,7.2829,1.00,2.30
2010.05.03 16:36:44.939,7.2805,7.2828,1.00,1.60
2010.05.03 16:36:45.786,7.2808,7.2828,1.00,1.60
2010.05.03 16:36:46.076,7.2808,7.2829,1.00,2.30
2010.05.03 16:36:50.028,7.2805,7.2829,1.00,2.30
2010.05.03 16:36:50.165,7.2805,7.2828,1.00,1.60
2010.05.03 16:36:50.432,7.2805,7.2828,1.00,1.60
2010.05.03 16:36:50.562,7.2805,7.2828,1.00,1.60
2010.05.03 16:36:51.717,7.2805,7.2829,1.00,2.30
2010.05.03 16:36:51.929,7.2808,7.2829,1.00,2.30
2010.05.03 16:36:52.138,7.2805,7.2828,1.00,1.60
2010.05.03 16:36:55.186,7.2808,7.2829,1.00,2.30
2010.05.03 16:36:56.228,7.2808,7.2828,1.00,1.60
2010.05.03 16:36:56.688,7.2805,7.2828,1.00,1.60
2010.05.03 16:36:58.686,7.281,7.2829,1.00,2.30
2010.05.03 16:36:58.876,7.2808,7.2829,1.00,2.30
2010.05.03 16:37:00.306,7.2805,7.2828,1.00,1.60
2010.05.03 16:37:01.491,7.2808,7.2828,1.00,1.60
2010.05.03 16:37:01.695,7.2808,7.2829,1.00,2.30
2010.05.03 16:37:02.148,7.2805,7.2829,1.00,2.30
2010.05.03 16:37:02.313,7.2805,7.2829,1.00,2.30
2010.05.03 16:37:02.402,7.2805,7.2828,1.00,1.60
2010.05.03 16:37:05.915,7.2808,7.2828,1.00,1.60
2010.05.03 16:37:06.196,7.2805,7.2829,1.00,2.30
2010.05.03 16:37:06.274,7.2805,7.2828,1.00,1.60
2010.05.03 16:37:09.262,7.2808,7.2828,1.00,1.60
2010.05.03 16:37:09.563,7.2808,7.2829,1.00,2.30
2010.05.03 16:37:14.498,7.2811,7.2829,1.00,2.30
2010.05.03 16:37:16.424,7.2808,7.2829,1.00,2.30
2010.05.03 16:37:16.896,7.2811,7.2829,1.00,2.30
2010.05.03 16:37:17.406,7.2808,7.2829,1.00,2.30
2010.05.03 16:37:18.690,7.2805,7.2828,1.00,1.60
2010.05.03 16:37:19.292,7.2808,7.2829,1.00,2.30
2010.05.03 16:37:30.056,7.2811,7.2829,1.00,2.30
2010.05.03 16:37:38.265,7.2805,7.2828,1.00,1.60
2010.05.03 16:37:40.434,7.2808,7.2828,1.00,1.60
2010.05.03 16:37:40.693,7.2808,7.2829,1.00,2.30
2010.05.03 16:37:56.751,7.2805,7.2829,1.00,2.30
2010.05.03 16:37:56.932,7.2805,7.2828,1.00,1.60
2010.05.03 16:38:05.499,7.2808,7.2829,1.00,2.30
2010.05.03 16:38:06.077,7.2811,7.2829,1.00,2.30
2010.05.03 16:38:08.234,7.2808,7.2829,1.00,2.30
2010.05.03 16:38:12.102,7.2811,7.2829,1.00,2.30
2010.05.03 16:38:12.477,7.2811,7.2829,1.00,2.30
2010.05.03 16:38:15.406,7.2808,7.2829,1.00,2.30
2010.05.03 16:38:41.099,7.2805,7.2828,1.00,1.60
2010.05.03 16:38:41.290,7.2803,7.28255,1.00,1.60
2010.05.03 16:38:41.489,7.2805,7.2828,1.00,1.60
2010.05.03 16:38:51.097,7.2803,7.28255,1.00,1.60
2010.05.03 16:38:54.424,7.28,7.28225,1.00,1.60
2010.05.03 16:38:57.075,7.28,7.282,1.00,1.60
2010.05.03 16:38:57.126,7.2797,7.282,1.00,1.60
2010.05.03 16:39:02.371,7.2797,7.282,1.00,5.60
2010.05.03 16:39:03.122,7.2797,7.2819,1.00,4.00
2010.05.03 16:39:03.461,7.2797,7.282,1.00,5.60
2010.05.03 16:39:03.802,7.2797,7.2819,1.00,4.00
2010.05.03 16:39:05.204,7.2797,7.282,1.00,5.60
2010.05.03 16:39:05.752,7.2797,7.2819,1.00,4.00
2010.05.03 16:39:06.578,7.2803,7.2819,1.00,4.00
2010.05.03 16:39:06.851,7.28,7.28255,1.00,5.60
2010.05.03 16:39:07.119,7.28,7.28225,1.00,1.60
2010.05.03 16:39:40.675,7.28,7.282,1.00,1.60
2010.05.03 16:39:40.954,7.2797,7.282,1.00,1.60
2010.05.03 16:39:50.387,7.2797,7.28195,1.00,4.00
2010.05.03 16:39:58.953,7.2797,7.282,1.00,1.60
2010.05.03 16:39:59.421,7.2797,7.2819,1.00,4.00
2010.05.03 16:40:01.354,7.2797,7.282,1.00,1.60
2010.05.03 16:40:27.382,7.2797,7.28205,1.00,4.00
2010.05.03 16:40:27.443,7.28,7.28205,1.00,4.00
2010.05.03 16:40:27.488,7.28,7.28225,1.00,1.60
2010.05.03 16:40:32.928,7.28,7.28225,1.00,5.60
2010.05.03 16:40:34.981,7.28,7.28215,1.00,4.00
2010.05.03 16:40:43.448,7.2797,7.28215,1.00,4.00
2010.05.03 16:40:43.564,7.28,7.28215,1.00,4.00
2010.05.03 16:40:46.506,7.2797,7.28215,1.00,4.00
2010.05.03 16:40:46.846,7.2797,7.2817,1.00,1.60
2010.05.03 16:40:47.164,7.2794,7.2816,1.00,4.00
2010.05.03 16:40:47.333,7.2797,7.2818,1.00,4.00
2010.05.03 16:40:47.498,7.2797,7.282,1.00,9.60
2010.05.03 16:40:47.653,7.2797,7.282,1.00,5.60
2010.05.03 16:40:49.473,7.2797,7.2819,1.00,4.00
2010.05.03 16:40:50.763,7.2797,7.282,1.00,1.60
2010.05.03 16:41:11.783,7.2794,7.2817,1.00,1.60
2010.05.03 16:41:21.293,7.2793,7.2817,1.00,1.60
2010.05.03 16:41:21.512,7.2793,7.2817,1.00,5.60
2010.05.03 16:41:21.622,7.2793,7.28155,1.00,1.60
2010.05.03 16:41:23.082,7.279,7.28155,1.00,1.60
2010.05.03 16:41:23.253,7.279,7.28125,1.00,1.60
2010.05.03 16:41:33.409,7.2789,7.28125,1.00,1.60
2010.05.03 16:41:33.807,7.2789,7.28125,1.00,5.60
2010.05.03 16:41:34.777,7.2786,7.28125,1.00,5.60
2010.05.03 16:41:35.185,7.2786,7.281,1.00,4.00
2010.05.03 16:41:35.391,7.2786,7.28075,1.00,4.00
2010.05.03 16:41:36.461,7.2786,7.28085,1.00,4.00
2010.05.03 16:41:38.532,7.2787,7.28125,4.00,1.60
2010.05.03 16:41:38.762,7.2787,7.28135,4.00,1.40
2010.05.03 16:41:39.902,7.2787,7.28135,4.10,1.40
2010.05.03 16:41:40.314,7.2788,7.28135,4.00,1.40
2010.05.03 16:41:40.643,7.27895,7.2808,4.00,1.40
2010.05.03 16:41:40.750,7.2787,7.2808,4.00,1.40
2010.05.03 16:41:41.356,7.2785,7.2808,4.00,1.40
2010.05.03 16:41:41.708,7.2784,7.2808,4.00,1.40
2010.05.03 16:41:43.653,7.27825,7.2806,4.00,1.40
2010.05.03 16:41:43.999,7.2781,7.2806,4.00,1.40
2010.05.03 16:41:45.496,7.2779,7.28025,4.00,1.40
2010.05.03 16:41:45.921,7.27775,7.28025,4.00,1.40
2010.05.03 16:41:48.582,7.2778,7.28025,4.00,1.40
2010.05.03 16:41:49.491,7.27775,7.28025,4.00,1.40
2010.05.03 16:41:50.036,7.27785,7.28025,4.00,1.40
2010.05.03 16:41:50.654,7.2777,7.28025,4.00,1.40
2010.05.03 16:41:51.403,7.27785,7.28025,4.00,1.40
2010.05.03 16:41:52.133,7.2777,7.28025,4.00,1.40
2010.05.03 16:41:57.945,7.2778,7.28025,4.00,1.40
2010.05.03 16:41:59.522,7.2777,7.28025,4.00,1.40
2010.05.03 16:42:00.335,7.2777,7.28005,4.00,1.40
2010.05.03 16:42:00.653,7.2776,7.28005,1.00,1.40
2010.05.03 16:42:00.814,7.2777,7.28025,4.00,1.40
2010.05.03 16:42:01.723,7.2778,7.28025,4.00,1.40
2010.05.03 16:42:03.995,7.2779,7.2805,1.00,1.40
2010.05.03 16:42:04.193,7.2781,7.2805,4.00,1.40
2010.05.03 16:42:34.720,7.2781,7.28025,4.00,1.40
2010.05.03 16:42:35.067,7.27785,7.28025,4.00,1.40
2010.05.03 16:42:41.238,7.2779,7.28025,4.00,1.40
2010.05.03 16:42:46.033,7.27765,7.28005,4.00,1.40
2010.05.03 16:42:55.286,7.27765,7.28025,4.00,1.40
2010.05.03 16:42:55.623,7.2781,7.2805,4.00,1.40
2010.05.03 16:42:56.796,7.27795,7.28025,4.00,1.40
2010.05.03 16:42:57.534,7.2779,7.28025,4.00,1.40
2010.05.03 16:43:04.594,7.2779,7.2805,4.00,1.40
2010.05.03 16:43:04.744,7.27795,7.2805,4.00,1.40
2010.05.03 16:43:05.230,7.2781,7.2805,4.00,1.40
2010.05.03 16:43:05.736,7.27795,7.28025,4.00,1.40
2010.05.03 16:43:06.423,7.2779,7.28025,4.00,1.40
2010.05.03 16:43:07.385,7.2781,7.28025,4.00,1.40
2010.05.03 16:43:07.543,7.2781,7.2805,4.00,1.40
2010.05.03 16:44:07.651,7.2774,7.2805,1.00,1.40
2010.05.03 16:44:12.563,7.2773,7.2805,1.00,1.40
2010.05.03 16:44:12.816,7.27765,7.28005,4.00,1.40
2010.05.03 16:44:13.527,7.2776,7.28025,1.00,1.40
2010.05.03 16:44:13.877,7.2777,7.28025,4.00,1.40
2010.05.03 16:44:16.736,7.27785,7.28025,4.00,1.40
2010.05.03 16:44:22.473,7.27775,7.28025,4.00,1.40
2010.05.03 16:44:22.884,7.2778,7.28025,4.00,1.40
2010.05.03 16:44:23.423,7.2777,7.28025,4.00,1.40
2010.05.03 16:44:27.713,7.27795,7.2805,4.00,1.40
2010.05.03 16:44:27.887,7.27805,7.2805,4.00,1.40
2010.05.03 16:44:58.897,7.27825,7.2808,4.00,1.40
2010.05.03 16:44:59.093,7.27845,7.2808,4.00,1.40
2010.05.03 16:44:59.736,7.2785,7.2808,4.00,1.40
2010.05.03 16:45:01.983,7.2784,7.2808,4.00,1.40
2010.05.03 16:45:02.122,7.27835,7.2808,4.00,1.40
2010.05.03 16:45:04.342,7.27825,7.2808,4.00,1.40
2010.05.03 16:45:05.248,7.2781,7.2806,4.00,1.40
2010.05.03 16:45:10.233,7.2782,7.2806,1.00,1.40
2010.05.03 16:45:10.554,7.2782,7.2808,1.00,1.40
2010.05.03 16:45:10.679,7.27835,7.2808,4.00,1.40
2010.05.03 16:45:10.923,7.2784,7.2808,4.00,1.40
2010.05.03 16:45:11.550,7.27735,7.2801,4.00,1.40
2010.05.03 16:45:14.518,7.2777,7.28025,4.00,1.40
2010.05.03 16:45:14.885,7.2781,7.28025,4.00,1.40
2010.05.03 16:45:15.024,7.27785,7.28025,4.00,1.40
2010.05.03 16:45:17.485,7.2779,7.28025,4.00,1.40
2010.05.03 16:45:17.937,7.2779,7.2805,4.00,3.00
2010.05.03 16:45:18.289,7.2781,7.28025,4.00,1.40
2010.05.03 16:45:18.469,7.2779,7.28025,4.00,1.40
2010.05.03 16:45:22.019,7.27775,7.2797,4.00,1.40
2010.05.03 16:45:22.236,7.27745,7.2797,4.00,1.40
2010.05.03 16:45:25.489,7.27755,7.27995,4.00,1.40
2010.05.03 16:45:28.754,7.27755,7.27995,4.00,3.00
2010.05.03 16:45:29.017,7.27755,7.27995,4.00,1.40
2010.05.03 16:45:31.435,7.27795,7.27995,4.00,1.40
2010.05.03 16:45:31.782,7.27755,7.28055,4.00,1.40
2010.05.03 16:45:32.130,7.27755,7.28015,4.00,1.40
2010.05.03 16:45:34.847,7.2779,7.28035,4.00,1.40
2010.05.03 16:45:35.170,7.278,7.28035,1.00,1.40
2010.05.03 16:45:35.426,7.278,7.28055,1.00,1.40
2010.05.03 16:45:35.946,7.27795,7.28055,4.00,1.40
2010.05.03 16:45:36.276,7.27775,7.28035,4.00,1.40
2010.05.03 16:45:36.935,7.2777,7.28035,4.10,1.40
2010.05.03 16:45:38.233,7.27785,7.28035,4.00,1.40
2010.05.03 16:45:38.825,7.27785,7.2801,4.00,1.40
2010.05.03 16:45:39.483,7.27755,7.2801,4.00,1.40
2010.05.03 16:45:43.792,7.2777,7.2801,1.00,1.40
2010.05.03 16:45:44.167,7.27785,7.28035,4.00,1.40
2010.05.03 16:45:44.407,7.27755,7.2801,4.00,1.40
2010.05.03 16:45:51.404,7.27755,7.2799,4.00,1.60
2010.05.03 16:45:51.675,7.2774,7.2799,1.00,5.60
2010.05.03 16:45:54.079,7.2774,7.2799,1.00,5.60
2010.05.03 16:45:54.272,7.2774,7.2799,1.00,5.60
2010.05.03 16:45:55.103,7.2777,7.2799,1.00,5.60
2010.05.03 16:45:55.265,7.2777,7.2799,1.00,4.00
2010.05.03 16:45:55.424,7.2777,7.2801,1.00,4.00
2010.05.03 16:45:55.584,7.2777,7.28015,1.00,4.00
2010.05.03 16:45:56.976,7.278,7.28025,1.00,4.00
2010.05.03 16:46:02.296,7.2777,7.2799,1.00,4.00
2010.05.03 16:46:02.477,7.2777,7.2801,1.00,4.00
2010.05.03 16:46:03.898,7.2774,7.2799,1.00,1.60
2010.05.03 16:46:04.180,7.2774,7.2799,1.00,5.60
2010.05.03 16:46:04.665,7.2777,7.2799,1.00,4.00
2010.05.03 16:46:04.875,7.2777,7.2801,1.00,4.00
2010.05.03 16:46:05.559,7.2774,7.2799,1.00,1.60
2010.05.03 16:46:05.907,7.2774,7.2799,1.00,5.60
2010.05.03 16:46:09.974,7.2777,7.2799,1.00,5.60
2010.05.03 16:46:10.508,7.2774,7.2799,1.00,5.60
2010.05.03 16:46:10.859,7.278,7.2802,1.00,4.00
2010.05.03 16:46:11.985,7.2774,7.2799,1.00,1.60
2010.05.03 16:46:12.206,7.2774,7.2799,1.00,5.60
2010.05.03 16:46:18.195,7.2773,7.2799,1.00,5.60
2010.05.03 16:46:27.466,7.2776,7.2799,1.00,5.60
2010.05.03 16:46:27.816,7.2776,7.2799,1.00,1.60
2010.05.03 16:46:28.291,7.2773,7.2799,1.00,5.60
2010.05.03 16:46:51.673,7.2773,7.27975,1.00,4.00
2010.05.03 16:46:52.282,7.2767,7.27935,1.00,1.60
2010.05.03 16:46:52.859,7.277,7.27935,1.00,1.60
2010.05.03 16:46:53.257,7.2767,7.27935,1.00,1.60
2010.05.03 16:46:53.608,7.277,7.27955,1.00,4.00
2010.05.03 16:46:55.034,7.277,7.27965,1.00,4.00
2010.05.03 16:46:55.283,7.277,7.27955,1.00,4.00
2010.05.03 16:46:58.415,7.2773,7.2799,1.00,5.60
2010.05.03 16:46:58.713,7.2773,7.2799,1.00,1.60
2010.05.03 16:46:59.012,7.277,7.2798,1.00,1.40
2010.05.03 16:46:59.307,7.277,7.2797,1.00,4.00
2010.05.03 16:47:06.126,7.277,7.2797,1.00,8.00
2010.05.03 16:47:06.242,7.277,7.27945,1.00,4.00
2010.05.03 16:47:07.117,7.2767,7.2793,1.00,4.00
2010.05.03 16:47:07.544,7.2767,7.27915,1.00,4.00
2010.05.03 16:47:10.762,7.2765,7.27905,1.00,4.00
2010.05.03 16:47:13.732,7.2765,7.27875,1.00,1.60
2010.05.03 16:47:13.883,7.2762,7.27875,1.00,1.60
2010.05.03 16:47:14.035,7.2765,7.2788,1.00,4.00
2010.05.03 16:47:14.184,7.2765,7.27905,1.00,4.00
2010.05.03 16:47:19.973,7.2765,7.2789,1.00,4.00
2010.05.03 16:47:20.142,7.2765,7.2788,1.00,4.00
2010.05.03 16:47:20.314,7.2765,7.2789,1.00,4.00
2010.05.03 16:47:20.584,7.2765,7.27875,1.00,4.00
2010.05.03 16:47:20.908,7.2765,7.2789,1.00,4.00
2010.05.03 16:47:25.396,7.2765,7.279,1.00,4.00
2010.05.03 16:47:31.413,7.2765,7.2789,1.00,4.00
2010.05.03 16:47:45.245,7.2767,7.2789,1.00,4.00
2010.05.03 16:47:45.445,7.2767,7.2789,1.00,4.00
2010.05.03 16:47:45.644,7.2767,7.27915,1.00,4.00
2010.05.03 16:47:47.381,7.2762,7.27915,1.00,4.00
2010.05.03 16:47:47.697,7.2762,7.27875,1.00,1.60
2010.05.03 16:47:47.858,7.2759,7.27865,1.00,4.00
2010.05.03 16:47:48.445,7.2759,7.2783,1.00,4.00
2010.05.03 16:47:49.099,7.2756,7.27805,1.00,4.00
2010.05.03 16:47:49.462,7.2759,7.27805,1.00,4.00
2010.05.03 16:47:49.812,7.2759,7.2782,1.00,4.00
2010.05.03 16:47:50.104,7.2762,7.2782,1.00,4.00
2010.05.03 16:47:50.550,7.2762,7.2786,1.00,4.00
2010.05.03 16:47:53.224,7.2759,7.2786,1.00,4.00
2010.05.03 16:47:53.354,7.2756,7.2785,4.10,1.40
2010.05.03 16:47:53.485,7.2756,7.27835,1.00,4.00
2010.05.03 16:47:53.616,7.2756,7.2781,1.00,4.00
2010.05.03 16:47:53.745,7.2759,7.27835,1.00,4.00
2010.05.03 16:47:54.664,7.2759,7.2784,1.00,4.00
2010.05.03 16:47:55.295,7.2762,7.2786,1.00,4.00
2010.05.03 16:47:57.625,7.2759,7.2786,1.00,4.00
2010.05.03 16:47:58.074,7.2759,7.27835,1.00,4.00
2010.05.03 16:47:58.826,7.2759,7.2782,1.00,4.00
2010.05.03 16:47:59.464,7.2762,7.2782,1.00,4.00
2010.05.03 16:47:59.657,7.2762,7.27835,1.00,4.00
2010.05.03 16:47:59.991,7.2762,7.27855,1.00,4.00
2010.05.03 16:48:01.091,7.2759,7.27855,1.00,4.00
2010.05.03 16:48:01.594,7.2759,7.27845,1.00,4.00
2010.05.03 16:48:02.445,7.2762,7.27845,1.00,4.00
2010.05.03 16:48:02.874,7.2762,7.27845,1.00,4.00
2010.05.03 16:48:03.003,7.2762,7.2786,1.00,4.00
2010.05.03 16:48:10.435,7.2762,7.27845,1.00,4.00
2010.05.03 16:48:10.690,7.2759,7.27845,1.00,4.00
2010.05.03 16:48:11.420,7.2762,7.2786,1.00,4.00
2010.05.03 16:48:14.973,7.2759,7.2786,1.00,4.00
2010.05.03 16:48:15.353,7.2759,7.27845,1.00,4.00
2010.05.03 16:48:16.795,7.2762,7.2785,1.00,4.00
2010.05.03 16:48:17.134,7.2762,7.2786,1.00,4.00
2010.05.03 16:48:29.796,7.2765,7.27885,1.00,4.00
2010.05.03 16:48:30.153,7.2765,7.2788,1.00,4.00
2010.05.03 16:48:51.097,7.2767,7.2788,1.00,4.00
2010.05.03 16:48:51.669,7.2767,7.27905,1.00,4.00
2010.05.03 16:48:52.019,7.2767,7.27915,1.00,4.00
2010.05.03 16:49:33.325,7.2767,7.27895,1.00,4.00
2010.05.03 16:49:33.537,7.2767,7.27865,1.00,4.00
2010.05.03 16:49:33.782,7.2767,7.2791,1.00,4.00
2010.05.03 16:49:33.874,7.2767,7.27915,1.00,4.00
2010.05.03 16:49:34.658,7.2767,7.2789,1.00,4.00
2010.05.03 16:49:35.005,7.2765,7.2789,1.00,4.00
2010.05.03 16:49:37.454,7.2762,7.2789,1.00,4.00
2010.05.03 16:49:37.514,7.2762,7.2787,1.00,1.60
2010.05.03 16:49:37.862,7.2762,7.2786,1.00,4.00
2010.05.03 16:49:39.099,7.2765,7.27885,1.00,4.00
2010.05.03 16:49:40.702,7.2762,7.2787,1.00,1.60
2010.05.03 16:49:40.827,7.2762,7.2786,1.00,4.00
2010.05.03 16:49:42.828,7.2765,7.2788,1.00,4.00
2010.05.03 16:49:43.104,7.2765,7.27885,1.00,4.00
2010.05.03 16:49:45.457,7.2767,7.27885,1.00,4.00
2010.05.03 16:49:45.644,7.2767,7.2791,1.00,8.00
2010.05.03 16:49:45.735,7.2767,7.2791,1.00,4.00
2010.05.03 16:49:52.009,7.2767,7.2787,1.00,1.60
2010.05.03 16:49:52.154,7.2762,7.2787,1.00,1.60
2010.05.03 16:49:52.306,7.2762,7.2786,1.00,4.00
2010.05.03 16:49:53.969,7.2765,7.2791,1.00,4.00
2010.05.03 16:49:54.315,7.2767,7.2791,1.00,4.00
2010.05.03 16:50:04.183,7.2767,7.27925,1.00,5.60
2010.05.03 16:50:13.453,7.277,7.27925,1.00,4.00
2010.05.03 16:50:13.674,7.277,7.27945,1.00,4.00
2010.05.03 16:50:15.560,7.277,7.27925,1.00,5.60
2010.05.03 16:50:15.598,7.2767,7.27925,1.00,5.60
2010.05.03 16:50:15.664,7.2767,7.27915,1.00,4.00
2010.05.03 16:50:16.053,7.2767,7.27925,1.00,5.60
2010.05.03 16:50:18.215,7.2773,7.27925,1.00,4.00
2010.05.03 16:50:18.300,7.2776,7.2795,1.00,4.00
2010.05.03 16:50:18.387,7.2776,7.27965,1.00,4.00
2010.05.03 16:50:18.477,7.2776,7.2798,1.00,1.60
2010.05.03 16:50:18.956,7.2776,7.2795,1.00,1.00
2010.05.03 16:50:21.377,7.2779,7.2795,1.00,1.00
2010.05.03 16:50:22.763,7.2773,7.2795,1.00,1.00
2010.05.03 16:50:23.956,7.277,7.2795,1.00,4.00
2010.05.03 16:50:26.266,7.2773,7.2796,1.00,1.00
2010.05.03 16:50:26.575,7.2776,7.2796,1.00,1.00
2010.05.03 16:50:38.504,7.2776,7.2797,1.00,1.00
2010.05.03 16:50:39.014,7.2773,7.2797,1.00,1.00
2010.05.03 16:50:39.270,7.2773,7.2797,1.00,4.10
2010.05.03 16:50:49.037,7.2773,7.2797,1.00,4.00
2010.05.03 16:50:49.243,7.2773,7.2797,1.00,4.10
2010.05.03 16:50:59.497,7.2773,7.2797,1.00,4.00
2010.05.03 16:51:17.323,7.2779,7.2802,1.00,4.00
2010.05.03 16:51:17.557,7.2779,7.28025,1.00,4.00
2010.05.03 16:51:36.087,7.2776,7.28025,1.00,4.00
2010.05.03 16:51:36.307,7.2776,7.2799,1.00,4.00
2010.05.03 16:52:03.114,7.2776,7.2802,1.00,4.00
2010.05.03 16:52:03.432,7.2776,7.2799,1.00,4.00
2010.05.03 16:52:06.502,7.2779,7.2799,1.00,4.00
2010.05.03 16:52:06.604,7.2779,7.2799,1.00,4.00
2010.05.03 16:52:06.933,7.2779,7.2802,1.00,4.00
2010.05.03 16:52:09.350,7.2779,7.28025,1.00,4.00
2010.05.03 16:52:16.108,7.2784,7.2803,1.00,4.00
2010.05.03 16:52:16.449,7.2784,7.2808,1.00,4.00
2010.05.03 16:52:20.175,7.2787,7.2808,1.00,4.00
2010.05.03 16:52:20.354,7.2787,7.2809,1.00,4.00
2010.05.03 16:52:20.533,7.2787,7.281,1.00,4.00
2010.05.03 16:52:20.624,7.279,7.281,1.00,4.00
2010.05.03 16:52:21.176,7.279,7.2813,1.00,4.00
2010.05.03 16:52:24.355,7.2787,7.2813,1.00,4.00
2010.05.03 16:52:24.546,7.2787,7.28105,1.00,4.00
2010.05.03 16:52:26.737,7.279,7.28105,1.00,4.00
2010.05.03 16:52:27.170,7.279,7.2813,1.00,4.00
2010.05.03 16:52:28.878,7.279,7.2806,1.00,1.00
2010.05.03 16:52:34.410,7.2787,7.2806,1.00,1.00
2010.05.03 16:52:39.176,7.279,7.2806,1.00,1.00
2010.05.03 16:52:43.042,7.2792,7.2806,1.00,1.00
2010.05.03 16:52:52.874,7.2785,7.2806,1.00,1.00
2010.05.03 16:52:56.520,7.2782,7.2806,1.00,1.00
2010.05.03 16:52:56.764,7.2782,7.2806,1.00,1.00
2010.05.03 16:53:01.181,7.2783,7.2806,4.00,1.00
2010.05.03 16:53:01.779,7.2788,7.2806,1.00,1.00
2010.05.03 16:53:02.903,7.279,7.2806,1.00,1.00
2010.05.03 16:53:05.166,7.279,7.28135,1.00,4.00
2010.05.03 16:53:08.767,7.2787,7.28135,1.00,4.00
2010.05.03 16:53:09.197,7.2787,7.28125,1.00,4.00
2010.05.03 16:53:09.576,7.2787,7.28105,1.00,4.00
2010.05.03 16:53:09.906,7.2787,7.28095,1.00,4.00
2010.05.03 16:53:16.713,7.2787,7.281,1.00,4.00
2010.05.03 16:53:16.983,7.2787,7.2809,1.00,1.60
2010.05.03 16:53:17.289,7.2784,7.2808,1.00,4.00
2010.05.03 16:53:20.780,7.2793,7.2811,1.00,4.00
2010.05.03 16:53:20.838,7.2793,7.28145,1.00,5.60
2010.05.03 16:53:21.204,7.2793,7.28145,1.00,4.00
2010.05.03 16:53:21.335,7.2793,7.2817,1.00,4.00
2010.05.03 16:53:21.645,7.2793,7.2819,1.00,4.00
2010.05.03 16:53:22.336,7.279,7.28135,1.00,4.00
2010.05.03 16:53:24.665,7.2792,7.28135,1.00,4.00
2010.05.03 16:53:24.875,7.2792,7.2817,1.00,4.00
2010.05.03 16:53:25.116,7.2795,7.2816,1.00,4.00
2010.05.03 16:53:25.357,7.2792,7.2816,1.00,4.00
2010.05.03 16:53:29.074,7.2792,7.2817,1.00,4.00
2010.05.03 16:53:29.857,7.2792,7.2816,1.00,4.00
2010.05.03 16:53:30.046,7.2795,7.2817,1.00,4.00
2010.05.03 16:53:30.234,7.2795,7.2819,1.00,4.00
2010.05.03 16:53:32.378,7.2792,7.2819,1.00,4.00
2010.05.03 16:53:32.824,7.2792,7.2817,1.00,4.00
2010.05.03 16:53:34.659,7.2795,7.2817,1.00,4.00
2010.05.03 16:53:35.006,7.2795,7.2819,1.00,4.00
2010.05.03 16:53:38.987,7.2792,7.2819,1.00,4.00
2010.05.03 16:53:39.335,7.2792,7.2816,1.00,4.00
2010.05.03 16:53:39.745,7.2792,7.28155,1.00,4.00
2010.05.03 16:53:40.092,7.2795,7.2819,1.00,4.00
2010.05.03 16:53:43.570,7.279,7.28145,1.00,1.60
2010.05.03 16:53:43.648,7.279,7.28135,1.00,4.00
2010.05.03 16:53:44.488,7.2795,7.28135,1.00,4.00
2010.05.03 16:53:44.900,7.2792,7.28185,1.00,4.00
2010.05.03 16:53:45.245,7.2795,7.28185,1.00,4.00
2010.05.03 16:53:47.915,7.279,7.28145,1.00,1.60
2010.05.03 16:53:48.255,7.279,7.28135,1.00,4.00
2010.05.03 16:53:49.744,7.2795,7.2818,1.00,1.40
2010.05.03 16:53:49.874,7.2795,7.28185,1.00,4.00
2010.05.03 16:53:59.668,7.279,7.28185,1.00,4.00
2010.05.03 16:53:59.977,7.2792,7.28145,1.00,4.00
2010.05.03 16:54:00.746,7.2792,7.28155,1.00,4.00
2010.05.03 16:54:03.408,7.2792,7.28165,1.00,4.00
2010.05.03 16:54:06.603,7.2792,7.28155,1.00,4.00
2010.05.03 16:54:11.584,7.2792,7.28145,1.00,4.00
2010.05.03 16:54:13.760,7.2792,7.28145,1.00,5.60
2010.05.03 16:54:13.847,7.2792,7.28105,1.00,4.00
2010.05.03 16:54:13.996,7.2787,7.28105,1.00,4.00
2010.05.03 16:54:14.558,7.2787,7.28095,1.00,4.00
2010.05.03 16:54:14.909,7.2787,7.281,1.00,4.00
2010.05.03 16:54:15.774,7.279,7.281,1.00,4.00
2010.05.03 16:54:16.085,7.279,7.2813,1.00,4.00
2010.05.03 16:54:16.689,7.2787,7.28105,1.00,4.00
2010.05.03 16:54:19.245,7.279,7.28105,1.00,4.00
2010.05.03 16:54:19.335,7.279,7.2813,1.00,4.00
2010.05.03 16:54:19.425,7.279,7.28135,1.00,4.00
2010.05.03 16:54:19.604,7.2787,7.28135,1.00,4.00
2010.05.03 16:54:19.784,7.279,7.28135,1.00,4.00
2010.05.03 16:54:23.955,7.2787,7.28135,1.00,4.00
2010.05.03 16:54:24.627,7.279,7.28135,1.00,4.00
2010.05.03 16:54:26.367,7.2787,7.28135,1.00,4.00
2010.05.03 16:54:26.505,7.279,7.28135,1.00,4.00
2010.05.03 16:54:31.304,7.2787,7.28135,1.00,4.00
2010.05.03 16:54:31.503,7.2787,7.28135,1.00,4.00
2010.05.03 16:54:39.459,7.279,7.28135,1.00,4.00
2010.05.03 16:54:40.103,7.2787,7.28135,1.00,4.00
2010.05.03 16:54:41.808,7.279,7.28135,1.00,4.00
2010.05.03 16:54:48.111,7.279,7.28135,1.00,4.00
2010.05.03 16:54:48.343,7.279,7.28135,1.00,4.00
2010.05.03 16:54:52.975,7.2787,7.28135,1.00,4.00
2010.05.03 16:54:59.396,7.2787,7.28125,1.00,1.40
2010.05.03 16:54:59.441,7.2784,7.2809,1.00,1.60
2010.05.03 16:54:59.842,7.2784,7.28085,1.00,4.00
2010.05.03 16:55:00.485,7.2781,7.28045,1.00,4.00
2010.05.03 16:55:01.166,7.2784,7.28045,1.00,4.00
2010.05.03 16:55:01.493,7.2784,7.28075,1.00,4.00
2010.05.03 16:55:02.556,7.2781,7.28075,1.00,4.00
2010.05.03 16:55:02.926,7.2781,7.2805,1.00,4.00
2010.05.03 16:55:03.201,7.2779,7.28025,1.00,4.00
2010.05.03 16:55:07.398,7.2784,7.2805,1.00,4.00
2010.05.03 16:55:07.686,7.2784,7.2808,1.00,4.00
2010.05.03 16:55:10.378,7.2784,7.2805,1.00,4.00
2010.05.03 16:55:10.709,7.2781,7.2805,1.00,4.00
2010.05.03 16:55:14.863,7.2779,7.2805,1.00,4.00
2010.05.03 16:55:14.994,7.2779,7.28035,1.00,1.60
2010.05.03 16:55:15.126,7.2779,7.28025,1.00,4.00
2010.05.03 16:55:19.225,7.2781,7.28025,1.00,4.00
2010.05.03 16:55:19.337,7.2781,7.28045,1.00,4.00
2010.05.03 16:55:36.735,7.2781,7.2806,1.00,4.00
2010.05.03 16:55:46.283,7.2784,7.2806,1.00,4.00
2010.05.03 16:55:46.587,7.2784,7.2808,1.00,4.00
2010.05.03 16:55:47.894,7.2784,7.2809,1.00,5.60
2010.05.03 16:55:52.903,7.2784,7.2808,1.00,4.00
2010.05.03 16:55:53.746,7.2781,7.2806,1.00,4.00
2010.05.03 16:55:59.436,7.2781,7.2805,1.00,4.00
2010.05.03 16:56:03.126,7.2779,7.2805,1.00,4.00
2010.05.03 16:56:03.614,7.2779,7.28035,1.00,1.60
2010.05.03 16:56:03.864,7.2779,7.2803,1.00,4.00
2010.05.03 16:56:06.912,7.2776,7.2803,1.00,4.00
2010.05.03 16:56:07.394,7.2776,7.2801,1.00,4.00
2010.05.03 16:56:08.505,7.2776,7.28025,1.00,4.00
2010.05.03 16:56:08.706,7.2779,7.28025,1.00,4.00
2010.05.03 16:56:13.935,7.2776,7.28025,1.00,4.00
2010.05.03 16:56:14.114,7.2776,7.2801,1.00,4.00
2010.05.03 16:56:14.549,7.2779,7.2801,1.00,4.00
2010.05.03 16:56:14.899,7.2779,7.28025,1.00,4.00
2010.05.03 16:56:16.778,7.2776,7.28025,1.00,4.00
2010.05.03 16:56:16.896,7.2776,7.28005,1.00,4.00
2010.05.03 16:56:37.953,7.2776,7.27995,1.00,4.00
2010.05.03 16:56:38.628,7.2779,7.27995,1.00,4.00
2010.05.03 16:56:38.886,7.2779,7.28025,1.00,4.00
2010.05.03 16:56:53.870,7.2773,7.2797,1.00,4.00
2010.05.03 16:56:54.654,7.277,7.2793,1.00,4.00
2010.05.03 16:56:55.298,7.277,7.2794,1.00,4.00
2010.05.03 16:56:56.736,7.277,7.2795,1.00,4.00
2010.05.03 16:56:58.574,7.2773,7.2795,1.00,4.00
2010.05.03 16:56:58.850,7.2773,7.2797,1.00,4.00
2010.05.03 16:57:03.665,7.2773,7.2798,1.00,5.60
2010.05.03 16:57:04.140,7.2773,7.2798,1.00,1.60
2010.05.03 16:57:14.077,7.2773,7.2797,1.00,4.00
2010.05.03 16:57:25.903,7.2767,7.2792,1.00,4.00
2010.05.03 16:57:28.208,7.2767,7.27885,1.00,4.00
2010.05.03 16:57:28.537,7.2767,7.2791,1.00,8.00
2010.05.03 16:57:28.731,7.2767,7.2791,1.00,4.00
2010.05.03 16:57:28.840,7.2767,7.27915,1.00,4.00
2010.05.03 16:57:44.379,7.2765,7.27915,1.00,4.00
2010.05.03 16:57:44.843,7.2765,7.2791,1.00,4.00
2010.05.03 16:57:46.605,7.2765,7.279,1.00,4.00
2010.05.03 16:57:46.739,7.2767,7.27915,1.00,4.00
2010.05.03 16:57:47.671,7.2765,7.27915,1.00,4.00
2010.05.03 16:57:47.937,7.2765,7.2791,1.00,4.00
2010.05.03 16:57:49.167,7.2767,7.27915,1.00,4.00
2010.05.03 16:57:49.394,7.2767,7.279,1.00,4.00
2010.05.03 16:57:53.450,7.2767,7.2787,1.00,1.60
2010.05.03 16:57:53.664,7.2765,7.279,1.00,4.00
2010.05.03 16:57:53.894,7.2762,7.2791,1.00,4.00
2010.05.03 16:57:54.185,7.2762,7.2787,1.00,1.60
2010.05.03 16:57:54.476,7.2765,7.2791,1.00,4.00
2010.05.03 16:57:54.766,7.2765,7.27915,1.00,4.00
2010.05.03 16:57:57.006,7.2767,7.27915,1.00,4.00
2010.05.03 16:58:02.156,7.2765,7.2787,1.00,1.60
2010.05.03 16:58:02.252,7.2762,7.2787,1.00,1.60
2010.05.03 16:58:02.883,7.2762,7.27875,1.00,4.00
2010.05.03 16:58:03.233,7.2765,7.279,1.00,4.00
2010.05.03 16:58:05.629,7.2762,7.279,1.00,5.40
2010.05.03 16:58:05.746,7.2762,7.2787,1.00,1.60
2010.05.03 16:58:13.448,7.2757,7.2786,4.00,1.00
2010.05.03 16:58:13.628,7.2757,7.27815,4.00,1.60
2010.05.03 16:58:13.718,7.2759,7.2787,1.00,3.80
2010.05.03 16:58:13.890,7.2759,7.27835,1.00,4.00
2010.05.03 16:58:14.234,7.2759,7.27845,1.00,4.00
2010.05.03 16:58:17.533,7.2756,7.27845,1.00,4.00
2010.05.03 16:58:17.897,7.2756,7.27815,1.00,1.60
2010.05.03 16:58:20.405,7.2754,7.2779,1.00,4.00
2010.05.03 16:58:22.015,7.2751,7.2776,1.00,1.60
2010.05.03 16:58:22.734,7.2754,7.2776,1.00,1.60
2010.05.03 16:58:23.016,7.2751,7.2776,1.00,1.60
2010.05.03 16:58:23.360,7.2754,7.2776,1.00,1.60
2010.05.03 16:58:23.872,7.2751,7.2776,1.00,1.60
2010.05.03 16:58:24.216,7.2751,7.27755,1.00,4.00
2010.05.03 16:58:26.396,7.2751,7.2776,1.00,5.60
2010.05.03 16:58:26.654,7.2754,7.2776,1.00,5.60
2010.05.03 16:58:26.914,7.2751,7.2776,1.00,1.60
2010.05.03 16:58:27.177,7.2756,7.2779,1.00,1.40
2010.05.03 16:58:27.437,7.2756,7.27795,1.00,4.00
2010.05.03 16:58:29.296,7.2759,7.27805,1.00,4.00
2010.05.03 16:58:29.725,7.2759,7.27835,1.00,4.00
2010.05.03 16:58:33.347,7.2759,7.2784,1.00,4.00
2010.05.03 16:58:33.691,7.2762,7.2785,1.00,4.00
2010.05.03 16:58:33.806,7.2762,7.2786,1.00,4.00
2010.05.03 16:58:35.426,7.2759,7.27845,1.00,4.00
2010.05.03 16:58:36.046,7.2759,7.27835,1.00,4.00
2010.05.03 16:58:39.765,7.2765,7.27835,1.00,4.00
2010.05.03 16:58:40.031,7.2765,7.2787,1.00,4.00
2010.05.03 16:58:40.515,7.2765,7.2787,1.00,5.60
2010.05.03 16:58:40.859,7.2762,7.27815,1.00,1.60
2010.05.03 16:58:41.212,7.2756,7.27815,1.00,1.60
2010.05.03 16:58:42.805,7.2759,7.27825,1.00,4.00
2010.05.03 16:58:43.266,7.2759,7.2785,1.00,4.00
2010.05.03 16:58:43.571,7.2762,7.2786,1.00,4.00
2010.05.03 16:58:44.501,7.2756,7.27815,1.00,1.60
2010.05.03 16:59:01.691,7.2762,7.2787,1.00,5.60
2010.05.03 16:59:04.524,7.2759,7.2787,1.00,5.60
2010.05.03 16:59:04.923,7.2759,7.27845,1.00,4.00
2010.05.03 16:59:05.064,7.2759,7.2785,1.00,4.00
2010.05.03 16:59:10.049,7.2756,7.27815,1.00,1.60
2010.05.03 16:59:23.544,7.2759,7.2782,1.00,4.00
2010.05.03 16:59:23.698,7.2759,7.27845,1.00,4.00
2010.05.03 16:59:25.628,7.2756,7.27815,1.00,1.60
2010.05.03 16:59:31.617,7.27515,7.27805,4.00,4.00
2010.05.03 16:59:31.777,7.2751,7.2778,1.00,4.00
2010.05.03 16:59:32.117,7.2751,7.2776,1.00,1.60
2010.05.03 16:59:35.356,7.2754,7.27775,1.00,4.00
2010.05.03 16:59:35.856,7.2754,7.27785,1.00,4.00
2010.05.03 16:59:41.266,7.2751,7.2776,1.00,1.60
2010.05.03 16:59:41.486,7.2751,7.2776,1.00,1.60
2010.05.03 16:59:43.575,7.2751,7.2776,1.00,5.60
2010.05.03 16:59:46.661,7.2754,7.27785,1.00,4.00
2010.05.03 16:59:46.888,7.2754,7.2779,1.00,4.00
2010.05.03 16:59:49.814,7.2757,7.27805,1.00,4.00
2010.05.03 16:59:50.055,7.2751,7.27795,1.00,1.40
2010.05.03 16:59:50.291,7.2752,7.2776,1.00,5.60
2010.05.03 16:59:50.530,7.2752,7.2775,1.00,4.00
2010.05.03 16:59:51.340,7.2752,7.2776,1.00,5.60
2010.05.03 16:59:52.029,7.2746,7.2774,1.00,1.40
2010.05.03 16:59:52.562,7.2752,7.27725,1.00,4.00
2010.05.03 16:59:52.907,7.2752,7.27735,1.00,4.00
2010.05.03 16:59:53.256,7.2752,7.2775,1.00,4.00
2010.05.03 16:59:53.762,7.2746,7.27735,1.00,4.00
2010.05.03 16:59:54.112,7.2746,7.27705,1.00,1.60
2010.05.03 16:59:55.555,7.2746,7.2769,1.00,4.00
2010.05.03 16:59:57.387,7.2741,7.2765,1.00,1.60
2010.05.03 16:59:57.915,7.2741,7.27635,1.00,4.00
2010.05.03 16:59:58.263,7.274,7.27635,1.00,4.00
2010.05.03 16:59:58.607,7.274,7.2763,1.00,4.00
2010.05.03 16:59:59.607,7.274,7.27645,1.00,4.00
