2016.04.20 22:00:00.098,8.11084,8.12466,0.75,0.75
2016.04.20 22:00:00.416,8.11236,8.12589,0.75,0.75
2016.04.20 22:00:01.745,8.11236,8.1259,0.75,0.75
2016.04.20 22:00:02.981,8.11246,8.1259,0.75,0.75
2016.04.20 22:00:03.470,8.11299,8.12591,0.75,0.75
2016.04.20 22:00:04.003,8.11323,8.12591,0.75,0.75
2016.04.20 22:00:04.386,8.11329,8.12591,0.75,0.75
2016.04.20 22:00:04.713,8.11333,8.12591,0.75,0.75
2016.04.20 22:00:07.734,8.11453,8.12591,0.75,0.75
2016.04.20 22:00:13.117,8.11453,8.12448,0.75,0.75
2016.04.20 22:00:13.641,8.11453,8.12447,0.75,0.75
2016.04.20 22:00:14.276,8.11453,8.12446,0.75,0.75
2016.04.20 22:00:14.650,8.11473,8.12446,0.75,0.75
2016.04.20 22:00:14.701,8.11473,8.12448,0.75,0.75
2016.04.20 22:00:21.981,8.11473,8.12343,0.75,0.75
2016.04.20 22:00:22.300,8.11522,8.12144,0.75,0.75
2016.04.20 22:00:29.209,8.11509,8.12157,0.75,0.75
2016.04.20 22:00:30.423,8.11552,8.12139,0.75,0.75
2016.04.20 22:00:30.726,8.11597,8.12094,0.75,0.75
2016.04.20 22:00:35.161,8.11463,8.12197,0.75,1.50
2016.04.20 22:00:41.206,8.11572,8.12099,0.75,0.75
2016.04.20 22:01:04.026,8.11617,8.12091,0.75,0.75
2016.04.20 22:01:04.404,8.1166,8.12107,0.75,0.75
2016.04.20 22:01:05.228,8.11592,8.12118,0.75,0.75
2016.04.20 22:01:06.926,8.11665,8.12105,0.75,0.75
2016.04.20 22:01:07.093,8.11646,8.12144,0.75,0.75
2016.04.20 22:01:23.692,8.1163,8.12112,0.75,0.75
2016.04.20 22:01:36.933,8.1168,8.12139,0.75,0.75
2016.04.20 22:01:37.085,8.11622,8.12148,0.75,0.75
2016.04.20 22:01:37.241,8.1168,8.12139,0.75,0.75
2016.04.20 22:01:37.393,8.11631,8.12147,0.75,0.75
2016.04.20 22:01:37.495,8.11678,8.12139,0.75,0.75
2016.04.20 22:01:49.293,8.11623,8.12148,0.75,0.75
2016.04.20 22:01:58.875,8.11665,8.12141,0.75,0.75
2016.04.20 22:02:02.292,8.11709,8.12157,0.75,0.75
2016.04.20 22:02:09.400,8.11722,8.1219,0.75,0.75
2016.04.20 22:02:09.552,8.11685,8.12196,0.75,0.75
2016.04.20 22:03:09.568,8.11576,8.12307,0.37,1.50
2016.04.20 22:03:09.619,8.11574,8.12307,0.75,1.50
2016.04.20 22:03:14.819,8.11573,8.12307,0.75,1.50
2016.04.20 22:03:48.193,8.11574,8.12307,0.75,1.50
2016.04.20 22:03:48.884,8.11752,8.12185,0.75,0.75
2016.04.20 22:03:49.150,8.11732,8.12215,0.75,0.75
2016.04.20 22:03:51.696,8.11735,8.12215,0.75,0.75
2016.04.20 22:03:51.998,8.11872,8.1234,0.75,0.75
2016.04.20 22:03:58.808,8.11983,8.12403,0.75,0.75
2016.04.20 22:03:58.942,8.11936,8.12434,0.75,0.75
2016.04.20 22:04:03.005,8.11992,8.12424,1.00,1.00
2016.04.20 22:04:03.308,8.12021,8.12488,1.00,1.00
2016.04.20 22:04:04.658,8.12047,8.12509,1.00,1.00
2016.04.20 22:04:06.696,8.12153,8.12549,1.00,1.00
2016.04.20 22:04:06.797,8.12158,8.12582,1.00,1.00
2016.04.20 22:04:11.213,8.12233,8.12629,1.00,1.00
2016.04.20 22:04:11.364,8.12257,8.12695,1.00,1.00
2016.04.20 22:04:11.415,8.12166,8.12786,1.00,1.00
2016.04.20 22:04:11.797,8.12143,8.12907,1.00,1.00
2016.04.20 22:04:12.722,8.12151,8.12907,1.00,1.00
2016.04.20 22:04:19.635,8.12233,8.12927,1.00,1.00
2016.04.20 22:04:21.288,8.1224,8.12917,1.00,1.00
2016.04.20 22:04:22.632,8.12273,8.12888,1.00,1.00
2016.04.20 22:04:27.489,8.12128,8.12943,1.00,1.00
2016.04.20 22:04:27.591,8.12049,8.12956,1.00,1.00
2016.04.20 22:04:27.692,8.11971,8.12956,1.00,1.00
2016.04.20 22:04:27.793,8.11917,8.12956,1.00,1.00
2016.04.20 22:04:28.891,8.11914,8.12956,1.00,1.00
2016.04.20 22:04:28.942,8.11849,8.12979,1.00,1.00
2016.04.20 22:04:28.993,8.1181,8.12979,1.00,1.00
2016.04.20 22:04:29.044,8.11803,8.12979,1.00,1.00
2016.04.20 22:04:30.027,8.11803,8.12993,1.00,1.00
2016.04.20 22:04:31.218,8.11803,8.13,1.00,1.00
2016.04.20 22:04:33.233,8.11803,8.12964,1.00,1.00
2016.04.20 22:04:33.667,8.11818,8.12944,1.00,1.00
2016.04.20 22:04:57.017,8.11832,8.12949,1.00,1.00
2016.04.20 22:04:59.169,8.11832,8.12958,1.00,1.00
2016.04.20 22:05:01.221,8.11864,8.12958,1.00,1.00
2016.04.20 22:05:02.197,8.11917,8.12967,1.00,1.00
2016.04.20 22:05:06.087,8.11917,8.12957,1.00,1.00
2016.04.20 22:05:14.156,8.11917,8.12938,1.00,1.00
2016.04.20 22:05:14.466,8.12159,8.12681,1.00,1.00
2016.04.20 22:06:14.410,8.12053,8.12787,1.50,1.00
2016.04.20 22:06:27.984,8.12063,8.12787,1.00,1.00
2016.04.20 22:06:47.895,8.12053,8.12787,1.50,1.00
2016.04.20 22:09:19.209,8.12196,8.1263,1.00,1.00
2016.04.20 22:09:21.121,8.12233,8.12646,1.00,1.00
2016.04.20 22:09:21.222,8.12193,8.12612,1.00,1.00
2016.04.20 22:09:21.373,8.12186,8.12654,1.00,1.00
2016.04.20 22:09:21.672,8.12194,8.12608,1.00,1.00
2016.04.20 22:09:21.773,8.12187,8.12649,1.00,1.00
2016.04.20 22:09:22.025,8.12256,8.12674,1.00,1.00
2016.04.20 22:09:22.278,8.12267,8.12699,1.00,1.00
2016.04.20 22:09:24.528,8.12267,8.12723,1.00,1.00
2016.04.20 22:09:25.790,8.12311,8.12716,1.00,1.00
2016.04.20 22:09:26.202,8.12267,8.12724,1.00,1.00
2016.04.20 22:09:27.490,8.12273,8.12688,1.00,1.00
2016.04.20 22:09:27.591,8.12277,8.12713,1.00,1.00
2016.04.20 22:09:34.053,8.12246,8.12714,1.00,1.00
2016.04.20 22:09:34.205,8.12229,8.1264,1.00,1.00
2016.04.20 22:09:34.306,8.12184,8.12616,1.00,1.00
2016.04.20 22:09:34.407,8.12151,8.12618,1.00,1.00
2016.04.20 22:09:34.660,8.12205,8.12608,1.00,1.00
2016.04.20 22:09:34.772,8.12173,8.1264,1.00,1.00
2016.04.20 22:09:38.570,8.12218,8.1266,1.00,1.00
2016.04.20 22:09:39.122,8.12175,8.12571,1.00,1.00
2016.04.20 22:09:39.224,8.1214,8.12553,1.00,1.00
2016.04.20 22:09:39.429,8.12113,8.1258,1.00,1.00
2016.04.20 22:09:41.378,8.12119,8.12545,1.00,1.00
2016.04.20 22:09:42.131,8.12113,8.1258,1.00,1.00
2016.04.20 22:09:42.232,8.12119,8.12545,1.00,1.00
2016.04.20 22:09:42.683,8.12117,8.12579,1.00,1.00
2016.04.20 22:09:42.931,8.12084,8.12549,1.00,1.00
2016.04.20 22:09:42.982,8.12092,8.125,1.00,1.00
2016.04.20 22:09:43.235,8.12039,8.12493,1.00,1.00
2016.04.20 22:09:53.602,8.12034,8.12468,1.00,1.00
2016.04.20 22:09:54.527,8.12113,8.12508,1.00,1.00
2016.04.20 22:09:54.578,8.12077,8.12544,1.00,1.00
2016.04.20 22:09:54.830,8.12112,8.12538,1.00,1.00
2016.04.20 22:09:54.982,8.12077,8.12544,1.00,1.00
2016.04.20 22:09:57.404,8.1208,8.12475,1.00,1.00
2016.04.20 22:09:57.555,8.12044,8.12456,1.00,1.00
2016.04.20 22:09:57.656,8.12015,8.12478,1.00,1.00
2016.04.20 22:09:57.808,8.12047,8.12475,1.00,1.00
2016.04.20 22:09:57.909,8.12058,8.12496,1.00,1.00
2016.04.20 22:09:58.014,8.12083,8.12516,1.00,1.00
2016.04.20 22:09:58.166,8.12097,8.12534,1.00,1.00
2016.04.20 22:09:58.268,8.12159,8.12554,1.00,1.00
2016.04.20 22:09:58.369,8.12176,8.12609,1.00,1.00
2016.04.20 22:09:59.768,8.12234,8.12637,1.00,1.00
2016.04.20 22:09:59.869,8.1219,8.12644,1.00,1.00
2016.04.20 22:09:59.981,8.12184,8.12619,1.00,1.00
2016.04.20 22:10:01.386,8.12222,8.12615,1.00,1.00
2016.04.20 22:10:01.651,8.12185,8.1265,1.00,1.00
2016.04.20 22:10:02.702,8.12237,8.12643,1.00,1.00
2016.04.20 22:10:03.049,8.12186,8.1264,1.00,1.00
2016.04.20 22:10:24.970,8.12194,8.12587,1.00,1.00
2016.04.20 22:10:25.121,8.1218,8.12621,1.00,1.00
2016.04.20 22:10:31.461,8.12187,8.12584,1.00,1.00
2016.04.20 22:10:31.951,8.12143,8.12598,1.00,1.00
2016.04.20 22:10:32.002,8.12122,8.12576,1.00,1.00
2016.04.20 22:10:32.314,8.12125,8.12539,1.00,1.00
2016.04.20 22:10:32.720,8.12172,8.12592,1.00,1.00
2016.04.20 22:10:32.802,8.12132,8.12599,1.00,1.00
2016.04.20 22:10:35.007,8.12143,8.12539,1.00,1.00
2016.04.20 22:10:35.159,8.12119,8.12567,1.00,1.00
2016.04.20 22:10:35.933,8.12125,8.12532,1.00,1.00
2016.04.20 22:10:36.085,8.12131,8.12565,1.00,1.00
2016.04.20 22:10:36.186,8.12149,8.12584,1.00,1.00
2016.04.20 22:10:36.237,8.12124,8.1259,1.00,1.00
2016.04.20 22:10:37.099,8.12131,8.1255,1.00,1.00
2016.04.20 22:10:38.322,8.12154,8.12554,1.00,1.00
2016.04.20 22:10:41.030,8.12128,8.12575,1.00,1.00
2016.04.20 22:10:47.562,8.12135,8.1254,1.00,1.00
2016.04.20 22:11:21.812,8.12163,8.12558,1.00,1.00
2016.04.20 22:12:16.935,8.1216,8.1261,1.00,1.00
2016.04.20 22:12:17.172,8.12165,8.12574,1.00,1.00
2016.04.20 22:12:17.492,8.12128,8.12523,1.00,1.00
2016.04.20 22:12:17.593,8.12066,8.12527,1.00,1.00
2016.04.20 22:12:17.694,8.12072,8.12494,1.00,1.00
2016.04.20 22:12:17.845,8.12051,8.12481,1.00,1.00
2016.04.20 22:12:17.947,8.1203,8.12425,1.00,1.00
2016.04.20 22:12:17.997,8.11994,8.1242,1.00,1.00
2016.04.20 22:12:18.309,8.12031,8.1243,1.00,1.00
2016.04.20 22:12:18.516,8.12008,8.1247,1.00,1.00
2016.04.20 22:12:18.932,8.12044,8.12464,1.00,1.00
2016.04.20 22:12:19.462,8.12014,8.12433,1.00,1.00
2016.04.20 22:12:19.664,8.12008,8.1247,1.00,1.00
2016.04.20 22:12:21.209,8.12039,8.12445,1.00,1.00
2016.04.20 22:12:21.311,8.12067,8.12496,1.00,1.00
2016.04.20 22:12:21.361,8.12103,8.12514,1.00,1.00
2016.04.20 22:12:21.463,8.12107,8.12544,1.00,1.00
2016.04.20 22:12:21.914,8.12136,8.12561,1.00,1.00
2016.04.20 22:12:27.822,8.12189,8.12582,1.00,1.00
2016.04.20 22:12:27.923,8.12152,8.12607,1.00,1.00
2016.04.20 22:12:28.213,8.1215,8.12544,1.00,1.00
2016.04.20 22:12:28.365,8.12129,8.12576,1.00,1.00
2016.04.20 22:12:29.249,8.12161,8.12595,1.00,1.00
2016.04.20 22:12:37.060,8.12191,8.12592,1.00,1.00
2016.04.20 22:12:37.183,8.12178,8.12618,1.00,1.00
2016.04.20 22:12:38.261,8.12166,8.12589,1.00,1.00
2016.04.20 22:12:38.380,8.12176,8.1261,1.00,1.00
2016.04.20 22:12:38.560,8.12205,8.12614,1.00,1.00
2016.04.20 22:12:43.552,8.12172,8.12608,1.00,1.00
2016.04.20 22:12:43.603,8.12166,8.12584,1.00,1.00
2016.04.20 22:12:44.842,8.12196,8.12615,1.00,1.00
2016.04.20 22:12:44.979,8.12165,8.12598,1.00,1.00
2016.04.20 22:12:45.144,8.12179,8.12638,1.00,1.00
2016.04.20 22:12:46.464,8.12186,8.12582,1.00,1.00
2016.04.20 22:12:46.565,8.12179,8.12641,1.00,1.00
2016.04.20 22:12:46.765,8.12158,8.1262,1.00,1.00
2016.04.20 22:12:47.067,8.12167,8.12566,1.00,1.00
2016.04.20 22:12:47.240,8.1216,8.12606,1.00,1.00
2016.04.20 22:12:47.346,8.12186,8.12588,1.00,1.00
2016.04.20 22:12:48.750,8.12208,8.12608,1.00,1.00
2016.04.20 22:12:48.801,8.12178,8.12638,1.00,1.00
2016.04.20 22:12:51.446,8.12187,8.12588,1.00,1.00
2016.04.20 22:12:51.557,8.12162,8.12617,1.00,1.00
2016.04.20 22:12:53.082,8.12165,8.12585,1.00,1.00
2016.04.20 22:13:14.229,8.12198,8.12609,1.00,1.00
2016.04.20 22:13:16.985,8.12173,8.12596,1.00,1.00
2016.04.20 22:13:19.016,8.12195,8.1261,1.00,1.00
2016.04.20 22:14:19.224,8.12133,8.12717,1.00,1.00
2016.04.20 22:14:22.258,8.12246,8.12641,1.00,1.00
2016.04.20 22:14:22.527,8.12215,8.1265,1.00,1.00
2016.04.20 22:14:43.945,8.12267,8.12663,1.00,1.00
2016.04.20 22:15:02.476,8.12288,8.12683,1.00,1.00
2016.04.20 22:15:02.667,8.123,8.12713,1.00,1.00
2016.04.20 22:15:12.361,8.12337,8.12732,1.00,1.00
2016.04.20 22:15:22.447,8.12318,8.12724,1.00,1.00
2016.04.20 22:16:22.494,8.12273,8.12867,1.00,1.00
2016.04.20 22:16:32.511,8.12263,8.12857,1.00,1.00
2016.04.20 22:16:42.525,8.12253,8.12857,1.00,1.00
2016.04.20 22:16:52.960,8.12253,8.12847,1.00,1.00
2016.04.20 22:16:53.080,8.12253,8.12857,1.00,1.00
2016.04.20 22:17:01.060,8.12321,8.12752,1.00,1.00
2016.04.20 22:17:05.437,8.12354,8.12749,1.00,1.00
2016.04.20 22:17:15.467,8.12398,8.12794,1.00,1.00
2016.04.20 22:18:15.502,8.12324,8.12936,1.00,1.00
2016.04.20 22:18:25.340,8.12354,8.12936,1.00,1.00
2016.04.20 22:18:25.784,8.12415,8.1282,1.00,1.00
2016.04.20 22:19:21.789,8.12392,8.12795,1.00,1.00
2016.04.20 22:19:22.042,8.12302,8.12708,1.00,1.00
2016.04.20 22:19:22.143,8.12255,8.12673,1.00,1.00
2016.04.20 22:19:25.098,8.12306,8.12702,1.00,1.00
2016.04.20 22:19:37.795,8.12325,8.12721,1.00,1.00
2016.04.20 22:19:46.480,8.12368,8.12763,1.00,1.00
2016.04.20 22:19:59.657,8.12387,8.12782,1.00,1.00
2016.04.20 22:20:59.812,8.12273,8.12837,1.00,1.00
2016.04.20 22:21:02.745,8.12273,8.12827,1.00,1.00
2016.04.20 22:21:02.854,8.12273,8.12836,1.00,1.00
2016.04.20 22:21:04.413,8.12253,8.12836,1.00,1.00
2016.04.20 22:21:04.833,8.12253,8.12847,1.00,1.50
2016.04.20 22:21:08.387,8.12253,8.12837,1.00,1.00
2016.04.20 22:21:09.784,8.12253,8.12846,1.00,1.00
2016.04.20 22:21:10.773,8.12253,8.12837,1.00,1.00
2016.04.20 22:21:14.429,8.12263,8.12837,1.00,1.00
2016.04.20 22:21:21.791,8.12263,8.12847,1.00,1.00
2016.04.20 22:21:21.841,8.12365,8.12767,1.00,1.00
2016.04.20 22:22:18.365,8.12335,8.12739,1.00,1.00
2016.04.20 22:22:29.462,8.12311,8.12715,1.00,1.00
2016.04.20 22:22:48.676,8.1234,8.12743,1.00,1.00
2016.04.20 22:23:48.639,8.12273,8.12807,1.00,1.00
2016.04.20 22:23:51.279,8.12273,8.12817,1.00,1.00
2016.04.20 22:23:51.829,8.12273,8.12827,1.00,1.00
2016.04.20 22:23:54.173,8.12273,8.12847,1.00,1.00
2016.04.20 22:23:54.259,8.12273,8.12857,1.00,1.00
2016.04.20 22:23:54.420,8.12273,8.12867,1.00,1.00
2016.04.20 22:23:54.471,8.12358,8.12761,1.00,1.00
2016.04.20 22:24:04.223,8.1238,8.12783,1.00,1.00
2016.04.20 22:25:04.318,8.12313,8.12887,1.00,1.00
2016.04.20 22:25:06.533,8.12313,8.12877,1.00,1.00
2016.04.20 22:25:09.962,8.12313,8.12867,1.00,1.00
2016.04.20 22:25:10.163,8.12313,8.12877,1.00,1.00
2016.04.20 22:25:14.333,8.12323,8.12877,1.00,1.00
2016.04.20 22:25:17.363,8.12323,8.12887,1.00,1.00
2016.04.20 22:25:17.442,8.12323,8.12876,1.00,1.00
2016.04.20 22:25:19.583,8.12323,8.12886,1.00,1.00
2016.04.20 22:25:19.642,8.12323,8.12877,1.00,1.00
2016.04.20 22:25:24.249,8.12333,8.12877,1.00,1.00
2016.04.20 22:25:25.032,8.12333,8.12867,1.00,1.00
2016.04.20 22:25:25.247,8.12333,8.12887,1.00,1.00
2016.04.20 22:25:25.360,8.12333,8.12867,1.00,1.00
2016.04.20 22:25:31.354,8.12333,8.12857,1.00,1.00
2016.04.20 22:25:32.620,8.12333,8.12877,1.00,1.00
2016.04.20 22:25:34.314,8.12303,8.12877,1.00,1.00
2016.04.20 22:25:37.790,8.12303,8.12887,1.50,1.50
2016.04.20 22:25:44.326,8.12333,8.12887,1.00,1.00
2016.04.20 22:25:47.610,8.12333,8.12897,1.00,1.00
2016.04.20 22:25:47.931,8.12264,8.12887,1.00,1.00
2016.04.20 22:25:47.982,8.12205,8.12887,1.00,1.00
2016.04.20 22:25:48.033,8.12346,8.1276,1.00,1.00
2016.04.20 22:26:05.624,8.12366,8.12768,1.00,1.00
2016.04.20 22:27:05.719,8.12293,8.12857,1.00,1.00
2016.04.20 22:27:07.881,8.12303,8.12857,1.00,1.00
2016.04.20 22:27:14.331,8.12303,8.12846,1.00,1.00
2016.04.20 22:27:14.510,8.12253,8.12807,1.00,1.00
2016.04.20 22:27:14.712,8.12253,8.12827,1.00,1.00
2016.04.20 22:27:14.930,8.12253,8.12837,1.00,1.00
2016.04.20 22:27:16.910,8.12253,8.12827,1.00,1.00
2016.04.20 22:27:17.064,8.12253,8.12836,1.00,1.00
2016.04.20 22:27:18.120,8.12253,8.12837,1.00,1.00
2016.04.20 22:27:18.900,8.12253,8.12847,1.00,1.00
2016.04.20 22:27:22.970,8.12253,8.12807,1.00,1.00
2016.04.20 22:27:23.538,8.12253,8.12817,1.00,1.00
2016.04.20 22:27:23.864,8.12253,8.12837,1.00,1.00
2016.04.20 22:27:24.080,8.12253,8.12847,1.00,1.00
2016.04.20 22:27:24.423,8.12263,8.12847,1.00,1.00
2016.04.20 22:27:34.440,8.12313,8.12847,1.00,1.00
2016.04.20 22:27:44.528,8.12313,8.12857,1.00,1.00
2016.04.20 22:27:44.969,8.12313,8.12837,1.00,1.00
2016.04.20 22:27:45.195,8.12263,8.12837,1.00,1.00
2016.04.20 22:28:01.111,8.12264,8.12837,1.00,1.00
2016.04.20 22:28:02.457,8.12263,8.12837,1.00,1.50
2016.04.20 22:28:05.089,8.12273,8.12837,1.00,1.00
2016.04.20 22:28:05.349,8.12273,8.12847,1.00,1.50
2016.04.20 22:28:05.866,8.12273,8.12837,1.00,1.00
2016.04.20 22:28:06.907,8.12273,8.12847,1.00,1.00
2016.04.20 22:28:07.394,8.12273,8.12857,1.50,1.00
2016.04.20 22:28:17.409,8.12313,8.12857,1.00,1.00
2016.04.20 22:28:25.122,8.12313,8.12887,1.00,1.00
2016.04.20 22:28:25.349,8.12313,8.12897,1.00,1.00
2016.04.20 22:28:25.466,8.12207,8.12902,1.50,1.00
2016.04.20 22:28:25.606,8.12208,8.12906,1.50,1.00
2016.04.20 22:28:27.761,8.12207,8.12905,1.50,1.50
2016.04.20 22:28:28.877,8.12207,8.12847,1.50,1.00
2016.04.20 22:28:31.750,8.12207,8.12837,1.50,1.00
2016.04.20 22:28:34.908,8.12207,8.12847,1.50,1.00
2016.04.20 22:28:35.337,8.12253,8.12847,1.00,1.00
2016.04.20 22:28:45.136,8.12253,8.12827,1.00,1.00
2016.04.20 22:28:45.508,8.12283,8.12827,1.00,1.00
2016.04.20 22:28:55.372,8.12273,8.12827,1.00,1.00
2016.04.20 22:28:57.813,8.12273,8.12817,1.00,1.00
2016.04.20 22:29:10.606,8.12273,8.12826,1.00,1.00
2016.04.20 22:29:20.976,8.12273,8.12827,1.00,1.00
2016.04.20 22:29:30.851,8.12283,8.12837,1.00,1.00
2016.04.20 22:29:33.337,8.12273,8.12817,1.00,1.00
2016.04.20 22:29:33.491,8.12273,8.12837,1.00,1.00
2016.04.20 22:29:34.875,8.12273,8.12827,1.00,1.00
2016.04.20 22:29:35.337,8.12253,8.12827,1.50,1.00
2016.04.20 22:29:39.387,8.12263,8.12837,1.00,1.00
2016.04.20 22:29:45.400,8.12303,8.12837,1.00,1.00
2016.04.20 22:29:49.947,8.12303,8.12847,1.00,1.00
2016.04.20 22:29:51.047,8.12303,8.12837,1.00,1.00
2016.04.20 22:29:54.015,8.12303,8.12847,1.00,1.00
2016.04.20 22:29:54.202,8.12303,8.12857,1.00,1.00
2016.04.20 22:29:54.254,8.12303,8.12867,1.00,1.50
2016.04.20 22:29:55.410,8.12313,8.12867,1.00,1.00
2016.04.20 22:29:57.792,8.12313,8.12857,1.00,1.00
2016.04.20 22:29:57.975,8.12313,8.12867,1.00,1.00
2016.04.20 22:29:58.197,8.12313,8.12857,1.00,1.00
2016.04.20 22:30:03.829,8.12313,8.12867,1.00,1.00
2016.04.20 22:30:04.921,8.12313,8.12876,1.00,1.00
2016.04.20 22:30:05.406,8.12323,8.12876,1.00,1.00
2016.04.20 22:30:08.551,8.12323,8.12887,1.00,1.00
2016.04.20 22:30:09.694,8.12323,8.12857,1.00,1.00
2016.04.20 22:30:09.795,8.12323,8.12887,1.00,1.00
2016.04.20 22:30:13.303,8.12323,8.12867,1.00,1.00
2016.04.20 22:30:13.896,8.12323,8.12866,1.00,1.00
2016.04.20 22:30:15.432,8.12294,8.12866,1.00,1.00
2016.04.20 22:30:16.208,8.12294,8.12867,1.00,1.00
2016.04.20 22:30:21.529,8.12294,8.12886,1.00,1.10
2016.04.20 22:30:21.890,8.12219,8.12887,1.00,1.00
2016.04.20 22:30:21.994,8.12214,8.12886,1.00,1.00
2016.04.20 22:30:24.308,8.12215,8.12886,1.00,1.00
2016.04.20 22:30:24.812,8.12214,8.12886,1.00,1.00
2016.04.20 22:30:25.560,8.12214,8.12875,1.00,1.00
2016.04.20 22:30:25.903,8.12214,8.12837,1.00,1.00
2016.04.20 22:30:26.510,8.12215,8.12837,1.00,1.00
2016.04.20 22:30:31.697,8.12215,8.12827,1.00,1.00
2016.04.20 22:30:32.122,8.12243,8.12817,1.00,1.00
2016.04.20 22:30:32.232,8.12243,8.12827,1.00,1.00
2016.04.20 22:30:37.564,8.12321,8.12724,1.00,1.00
2016.04.20 22:31:26.544,8.12306,8.12701,1.00,1.00
2016.04.20 22:32:13.311,8.12306,8.12697,1.00,1.00
2016.04.20 22:32:13.412,8.12306,8.12701,1.00,1.00
2016.04.20 22:32:13.463,8.12288,8.12683,1.00,1.00
2016.04.20 22:32:53.693,8.12265,8.12661,1.00,1.00
2016.04.20 22:33:53.971,8.12233,8.12777,1.00,1.00
2016.04.20 22:33:57.074,8.12223,8.12767,1.00,1.00
2016.04.20 22:33:58.080,8.12213,8.12757,1.00,1.00
2016.04.20 22:33:58.385,8.12223,8.12767,1.00,1.00
2016.04.20 22:34:00.916,8.12224,8.12766,1.00,1.00
2016.04.20 22:34:02.023,8.12213,8.12757,1.50,1.00
2016.04.20 22:34:02.235,8.12223,8.12767,1.00,1.00
2016.04.20 22:34:06.441,8.12213,8.12757,1.50,1.00
2016.04.20 22:34:15.147,8.12203,8.12746,1.00,1.00
2016.04.20 22:34:15.587,8.12214,8.12756,1.00,1.00
2016.04.20 22:34:17.436,8.12223,8.12767,1.00,1.00
2016.04.20 22:34:17.538,8.12233,8.12757,1.00,1.00
2016.04.20 22:34:18.071,8.12309,8.12702,1.00,1.00
2016.04.20 22:35:17.877,8.12223,8.12787,1.00,1.00
2016.04.20 22:35:19.363,8.12213,8.12787,1.50,1.00
2016.04.20 22:35:24.289,8.12213,8.12777,1.50,1.00
2016.04.20 22:35:34.341,8.12213,8.12787,1.50,1.50
2016.04.20 22:35:45.542,8.12213,8.12777,1.00,1.00
2016.04.20 22:35:45.654,8.12213,8.12787,1.50,1.50
2016.04.20 22:35:45.982,8.12213,8.12777,1.00,1.00
2016.04.20 22:36:13.272,8.12213,8.12737,1.00,1.00
2016.04.20 22:36:33.291,8.12223,8.12747,1.00,1.00
2016.04.20 22:36:42.092,8.12214,8.12736,1.00,1.00
2016.04.20 22:36:44.403,8.12224,8.12746,1.00,1.00
2016.04.20 22:36:44.840,8.12213,8.12737,1.50,1.00
2016.04.20 22:36:44.984,8.12213,8.12727,1.00,1.00
2016.04.20 22:36:45.091,8.12213,8.12747,1.00,1.00
2016.04.20 22:36:48.590,8.12213,8.12727,1.00,1.00
2016.04.20 22:36:48.831,8.12213,8.12747,1.00,1.00
2016.04.20 22:36:49.020,8.12213,8.12737,1.00,1.00
2016.04.20 22:36:50.559,8.12213,8.12747,1.00,1.00
2016.04.20 22:36:50.779,8.12213,8.12767,1.50,1.00
2016.04.20 22:36:51.145,8.12213,8.12737,1.00,1.00
2016.04.20 22:36:54.190,8.12213,8.12747,1.00,1.00
2016.04.20 22:36:54.342,8.12213,8.12737,1.00,1.00
2016.04.20 22:36:59.802,8.12213,8.12746,1.00,1.00
2016.04.20 22:37:00.021,8.12213,8.12757,1.00,1.00
2016.04.20 22:37:00.569,8.12213,8.12747,1.00,1.00
2016.04.20 22:37:01.119,8.12213,8.12737,1.00,1.00
2016.04.20 22:37:01.559,8.12213,8.12747,1.00,1.00
2016.04.20 22:37:02.109,8.12213,8.12757,1.00,1.00
2016.04.20 22:37:02.549,8.12213,8.12747,1.00,1.00
2016.04.20 22:37:03.099,8.12213,8.12737,1.00,1.00
2016.04.20 22:37:03.319,8.12213,8.12747,1.00,1.00
2016.04.20 22:37:03.542,8.12213,8.12736,1.00,1.00
2016.04.20 22:37:03.869,8.12213,8.12757,1.00,1.00
2016.04.20 22:37:04.261,8.12203,8.12757,1.50,1.00
2016.04.20 22:37:04.312,8.12203,8.12737,1.00,1.00
2016.04.20 22:37:14.273,8.12213,8.12737,1.00,1.00
2016.04.20 22:37:24.288,8.12223,8.12737,1.00,1.00
2016.04.20 22:37:31.627,8.12223,8.12726,1.00,1.00
2016.04.20 22:37:34.330,8.12213,8.12726,1.00,1.00
2016.04.20 22:37:37.332,8.12213,8.12717,1.00,1.00
2016.04.20 22:37:37.577,8.12213,8.12727,1.00,1.00
2016.04.20 22:37:44.321,8.12203,8.12727,1.00,1.00
2016.04.20 22:37:53.841,8.12223,8.12727,1.00,1.00
2016.04.20 22:37:54.236,8.12213,8.12717,1.50,1.00
2016.04.20 22:37:58.350,8.12213,8.12707,1.00,1.00
2016.04.20 22:38:00.922,8.12233,8.12737,1.00,1.00
2016.04.20 22:38:01.351,8.12223,8.12727,1.00,1.00
2016.04.20 22:38:03.561,8.12213,8.12717,1.50,1.00
2016.04.20 22:38:04.250,8.12224,8.12717,1.00,1.00
2016.04.20 22:38:13.307,8.12224,8.12726,1.50,1.00
2016.04.20 22:38:19.358,8.12233,8.12737,1.00,1.00
2016.04.20 22:38:33.439,8.12223,8.12727,1.50,1.00
2016.04.20 22:38:39.443,8.12213,8.12717,1.50,1.00
2016.04.20 22:38:39.986,8.12233,8.12737,1.00,1.00
2016.04.20 22:38:40.316,8.12224,8.12726,1.00,1.00
2016.04.20 22:38:49.279,8.12233,8.12737,1.00,1.00
2016.04.20 22:38:50.087,8.12223,8.12727,1.00,1.00
2016.04.20 22:38:54.776,8.12213,8.12717,1.50,1.00
2016.04.20 22:39:10.519,8.12223,8.12727,1.00,1.00
2016.04.20 22:39:45.256,8.12213,8.12717,1.50,1.00
2016.04.20 22:39:50.341,8.12223,8.12727,1.00,1.00
2016.04.20 22:39:50.563,8.12213,8.12737,1.50,1.00
2016.04.20 22:39:51.856,8.12223,8.12747,1.00,1.00
2016.04.20 22:39:52.206,8.12213,8.12737,1.50,1.00
2016.04.20 22:39:53.310,8.12223,8.12747,1.00,1.00
2016.04.20 22:39:54.631,8.12233,8.12757,1.00,1.00
2016.04.20 22:39:54.961,8.12223,8.12747,1.00,1.00
2016.04.20 22:40:00.877,8.12233,8.12757,1.00,1.00
2016.04.20 22:40:16.429,8.12253,8.12777,1.00,1.00
2016.04.20 22:40:16.749,8.12243,8.12767,1.00,1.00
2016.04.20 22:41:04.263,8.12244,8.12767,1.00,1.00
2016.04.20 22:41:17.785,8.12244,8.12757,1.00,1.00
2016.04.20 22:41:18.598,8.12244,8.12767,1.00,1.00
2016.04.20 22:41:24.292,8.12243,8.12767,1.00,1.00
2016.04.20 22:41:25.376,8.12233,8.12757,1.00,1.00
2016.04.20 22:41:28.152,8.12243,8.12767,1.00,1.00
2016.04.20 22:41:30.546,8.12243,8.12747,1.00,1.00
2016.04.20 22:41:30.660,8.12243,8.12767,1.00,1.00
2016.04.20 22:41:34.307,8.12233,8.12757,1.00,1.00
2016.04.20 22:41:34.791,8.12253,8.12757,1.00,1.00
2016.04.20 22:41:35.277,8.12253,8.12747,1.00,1.00
2016.04.20 22:41:35.411,8.12253,8.12766,1.00,1.00
2016.04.20 22:41:35.718,8.12253,8.12777,1.50,1.00
2016.04.20 22:41:35.832,8.12253,8.12767,1.00,1.00
2016.04.20 22:41:39.260,8.12253,8.12777,1.50,1.00
2016.04.20 22:41:44.229,8.12273,8.12777,1.00,1.00
2016.04.20 22:41:44.757,8.12273,8.12767,1.00,1.00
2016.04.20 22:41:50.574,8.12273,8.12757,1.00,1.00
2016.04.20 22:41:50.899,8.12273,8.12747,1.00,1.00
2016.04.20 22:41:51.805,8.12273,8.12767,1.00,1.00
2016.04.20 22:41:53.095,8.12273,8.12747,1.00,1.00
2016.04.20 22:41:54.251,8.12233,8.12747,1.00,1.00
2016.04.20 22:41:54.353,8.12233,8.12757,1.50,1.00
2016.04.20 22:41:59.830,8.12243,8.12767,1.00,1.00
2016.04.20 22:42:10.477,8.12233,8.12737,1.00,1.00
2016.04.20 22:42:12.456,8.12233,8.12747,1.00,1.00
2016.04.20 22:42:12.601,8.12243,8.12767,1.00,1.00
2016.04.20 22:42:13.445,8.12233,8.12757,1.50,1.00
2016.04.20 22:42:27.967,8.12243,8.12767,1.00,1.00
2016.04.20 22:42:34.308,8.12253,8.12767,1.00,1.00
2016.04.20 22:42:44.346,8.12263,8.12767,1.00,1.00
2016.04.20 22:42:47.334,8.12263,8.12757,1.00,1.00
2016.04.20 22:42:50.715,8.12263,8.12747,1.00,1.00
2016.04.20 22:42:50.936,8.12263,8.12757,1.00,1.00
2016.04.20 22:42:54.267,8.12233,8.12757,1.50,1.00
2016.04.20 22:43:05.589,8.12233,8.12747,1.00,1.00
2016.04.20 22:43:06.123,8.12243,8.12767,1.00,1.00
2016.04.20 22:43:11.003,8.12253,8.12777,1.00,1.00
2016.04.20 22:43:11.351,8.12243,8.12767,1.00,1.00
2016.04.20 22:43:24.283,8.12253,8.12767,1.00,1.00
2016.04.20 22:43:30.118,8.12253,8.12777,1.50,1.00
2016.04.20 22:43:30.219,8.12263,8.12787,1.00,1.00
2016.04.20 22:43:30.371,8.12253,8.12807,1.00,1.00
2016.04.20 22:43:30.656,8.12253,8.12816,1.50,1.00
2016.04.20 22:43:31.424,8.12253,8.12807,1.00,1.00
2016.04.20 22:43:40.207,8.12303,8.12807,1.00,1.00
2016.04.20 22:43:40.596,8.12327,8.12722,1.00,1.00
2016.04.20 22:44:30.485,8.12349,8.12744,1.00,1.00
2016.04.20 22:44:55.789,8.12378,8.12774,1.00,1.00
2016.04.20 22:45:04.178,8.12407,8.12802,1.00,1.00
2016.04.20 22:45:05.727,8.12429,8.12825,1.00,1.00
2016.04.20 22:45:15.416,8.12408,8.12803,1.00,1.00
2016.04.20 22:45:55.186,8.12389,8.12784,1.00,1.00
2016.04.20 22:46:55.300,8.12273,8.12817,1.00,1.00
2016.04.20 22:47:06.265,8.12263,8.12807,1.50,1.00
2016.04.20 22:47:09.122,8.12283,8.12827,1.00,1.00
2016.04.20 22:47:11.695,8.12264,8.12806,1.00,1.00
2016.04.20 22:47:17.599,8.12273,8.12817,1.00,1.00
2016.04.20 22:47:18.033,8.12263,8.12807,1.50,1.00
2016.04.20 22:47:19.464,8.12273,8.12817,1.00,1.00
2016.04.20 22:47:21.136,8.12283,8.12817,1.00,1.00
2016.04.20 22:47:31.151,8.12273,8.12817,1.50,1.00
2016.04.20 22:47:32.930,8.12273,8.12807,1.00,1.00
2016.04.20 22:47:33.101,8.12284,8.12826,1.00,1.00
2016.04.20 22:47:34.954,8.12363,8.12757,1.00,1.00
2016.04.20 22:48:35.041,8.12283,8.12807,1.50,1.00
2016.04.20 22:49:18.112,8.12283,8.12787,1.00,1.00
2016.04.20 22:49:25.692,8.12273,8.12777,1.50,1.00
2016.04.20 22:49:27.342,8.12284,8.12786,1.00,1.00
2016.04.20 22:49:27.599,8.12273,8.12777,1.00,1.00
2016.04.20 22:49:31.132,8.12264,8.12777,1.00,1.00
2016.04.20 22:49:48.477,8.12264,8.12797,1.00,1.00
2016.04.20 22:49:48.581,8.12264,8.12787,1.00,1.00
2016.04.20 22:49:48.935,8.12273,8.12807,1.00,1.00
2016.04.20 22:50:00.579,8.12283,8.12817,1.00,1.00
2016.04.20 22:50:23.692,8.12274,8.12806,1.00,1.00
2016.04.20 22:50:32.509,8.12263,8.12797,1.50,1.00
2016.04.20 22:50:35.569,8.12283,8.12807,1.00,1.00
2016.04.20 22:50:43.839,8.12263,8.12797,1.50,1.00
2016.04.20 22:50:46.789,8.12284,8.12806,1.00,1.00
2016.04.20 22:50:47.779,8.12263,8.12777,1.00,1.00
2016.04.20 22:50:51.171,8.12253,8.12777,1.00,1.00
2016.04.20 22:50:51.850,8.12253,8.12757,1.00,1.00
2016.04.20 22:50:52.288,8.12263,8.12767,1.00,1.00
2016.04.20 22:51:09.580,8.12273,8.12777,1.00,1.00
2016.04.20 22:52:05.142,8.12263,8.12777,1.50,1.00
2016.04.20 22:52:05.347,8.12273,8.12777,1.00,1.00
2016.04.20 22:52:16.031,8.12263,8.12767,1.00,1.00
2016.04.20 22:52:16.238,8.12253,8.12767,1.50,1.00
2016.04.20 22:52:27.349,8.12263,8.12777,1.00,1.00
2016.04.20 22:52:37.765,8.12253,8.12767,1.00,1.00
2016.04.20 22:52:37.917,8.12243,8.12777,1.00,1.00
2016.04.20 22:52:41.085,8.12233,8.12777,1.00,1.00
2016.04.20 22:52:42.201,8.12214,8.12756,1.00,1.00
2016.04.20 22:52:42.596,8.12345,8.1274,1.00,1.00
2016.04.20 22:52:51.201,8.12326,8.12722,1.00,1.00
2016.04.20 22:53:11.186,8.12326,8.1275,1.00,1.00
2016.04.20 22:53:31.160,8.12355,8.12748,1.00,1.00
2016.04.20 22:54:31.217,8.12273,8.12797,1.00,1.00
2016.04.20 22:54:35.084,8.12273,8.12787,1.00,1.00
2016.04.20 22:54:35.306,8.12273,8.12797,1.00,1.00
2016.04.20 22:54:41.192,8.12263,8.12797,1.00,1.00
2016.04.20 22:54:50.757,8.12327,8.1275,1.00,1.00
2016.04.20 22:55:50.666,8.12254,8.12796,1.00,1.00
2016.04.20 22:56:03.319,8.12243,8.12787,1.00,1.00
2016.04.20 22:56:05.656,8.12233,8.12787,1.50,1.00
2016.04.20 22:56:43.247,8.12234,8.12746,1.00,1.00
2016.04.20 22:56:46.596,8.12243,8.12757,1.00,1.00
2016.04.20 22:56:46.697,8.12233,8.12767,1.50,1.00
2016.04.20 22:56:51.182,8.12243,8.12767,1.00,1.00
2016.04.20 22:57:01.097,8.12253,8.12767,1.00,1.00
2016.04.20 22:57:03.267,8.12253,8.12777,1.00,1.00
2016.04.20 22:57:05.356,8.12263,8.12787,1.00,1.00
2016.04.20 22:57:11.240,8.12264,8.12787,1.00,1.00
2016.04.20 22:57:19.657,8.12264,8.12776,1.00,1.00
2016.04.20 22:57:21.136,8.12254,8.12776,1.00,1.00
2016.04.20 22:57:36.352,8.12253,8.12767,1.00,1.00
2016.04.20 22:57:36.457,8.12253,8.12777,1.50,1.00
2016.04.20 22:57:36.570,8.12253,8.12787,1.00,1.00
2016.04.20 22:57:41.168,8.12243,8.12787,1.00,1.00
2016.04.20 22:57:42.297,8.12233,8.12777,1.00,1.00
2016.04.20 22:57:42.617,8.12301,8.12696,1.00,1.00
2016.04.20 22:58:42.551,8.12213,8.12747,1.00,1.00
2016.04.20 22:58:49.386,8.12203,8.12737,1.50,1.00
2016.04.20 22:58:55.323,8.12203,8.12707,1.00,1.00
2016.04.20 22:59:05.569,8.12194,8.12697,1.00,1.00
2016.04.20 22:59:05.707,8.12194,8.12727,1.00,1.00
2016.04.20 22:59:05.898,8.12281,8.12677,1.00,1.00
