2016.10.12 14:00:00.189,8.82713,8.82936,1.00,1.00
2016.10.12 14:00:00.715,8.82701,8.82936,1.00,1.00
2016.10.12 14:00:00.826,8.82713,8.82936,1.00,1.00
2016.10.12 14:00:00.877,8.82713,8.82936,1.00,1.11
2016.10.12 14:00:00.951,8.82701,8.82936,1.00,1.00
2016.10.12 14:00:01.014,8.82713,8.82936,1.00,1.00
2016.10.12 14:00:01.419,8.82713,8.8293,1.00,2.10
2016.10.12 14:00:01.470,8.82713,8.8293,1.00,2.85
2016.10.12 14:00:01.645,8.82713,8.82916,1.00,1.60
2016.10.12 14:00:03.139,8.82713,8.8291,1.00,1.60
2016.10.12 14:00:04.927,8.82713,8.82888,1.00,1.60
2016.10.12 14:00:05.363,8.82713,8.82863,1.00,1.60
2016.10.12 14:00:06.066,8.82713,8.82863,1.00,1.60
2016.10.12 14:00:07.854,8.82713,8.82863,1.00,1.60
2016.10.12 14:00:08.054,8.82713,8.82863,1.00,1.60
2016.10.12 14:00:08.379,8.82713,8.82863,1.00,1.60
2016.10.12 14:00:08.432,8.82713,8.82863,1.00,1.00
2016.10.12 14:00:08.971,8.82714,8.82889,1.00,1.60
2016.10.12 14:00:09.321,8.82733,8.82889,1.00,1.60
2016.10.12 14:00:09.780,8.82733,8.82889,1.00,1.00
2016.10.12 14:00:09.882,8.82734,8.82889,1.00,1.00
2016.10.12 14:00:10.188,8.82733,8.82915,1.00,1.00
2016.10.12 14:00:10.902,8.82733,8.82915,1.00,1.00
2016.10.12 14:00:11.283,8.82733,8.82915,1.00,1.00
2016.10.12 14:00:11.334,8.82733,8.82937,1.00,1.60
2016.10.12 14:00:11.385,8.82733,8.82943,1.00,1.00
2016.10.12 14:00:11.435,8.82733,8.82946,1.00,1.00
2016.10.12 14:00:11.863,8.82753,8.82935,1.00,1.00
2016.10.12 14:00:11.914,8.82753,8.82935,1.00,1.00
2016.10.12 14:00:15.747,8.82753,8.82921,1.00,1.00
2016.10.12 14:00:17.696,8.82753,8.82902,1.00,1.00
2016.10.12 14:00:18.510,8.82753,8.82882,1.00,1.00
2016.10.12 14:00:18.663,8.82753,8.82898,1.00,1.00
2016.10.12 14:00:19.098,8.82753,8.82917,1.00,1.35
2016.10.12 14:00:19.312,8.82753,8.82917,1.00,1.00
2016.10.12 14:00:19.362,8.82753,8.82912,1.00,1.00
2016.10.12 14:00:19.565,8.82753,8.82917,1.00,1.00
2016.10.12 14:00:19.874,8.82753,8.82912,1.00,1.00
2016.10.12 14:00:20.355,8.82753,8.82912,1.00,1.50
2016.10.12 14:00:21.457,8.82753,8.82912,1.00,1.00
2016.10.12 14:00:21.953,8.82773,8.82912,1.00,1.00
2016.10.12 14:00:23.871,8.82773,8.82912,1.00,1.50
2016.10.12 14:00:24.777,8.82773,8.82902,1.00,1.00
2016.10.12 14:00:25.875,8.82773,8.82907,1.00,1.00
2016.10.12 14:00:26.413,8.82773,8.82902,1.00,1.00
2016.10.12 14:00:28.360,8.82773,8.82907,1.00,1.50
2016.10.12 14:00:28.411,8.82773,8.82907,1.00,1.00
2016.10.12 14:00:28.520,8.82773,8.82907,1.00,1.60
2016.10.12 14:00:28.571,8.82773,8.82907,1.00,2.10
2016.10.12 14:00:28.669,8.82773,8.82907,1.00,1.60
2016.10.12 14:00:30.234,8.82773,8.82907,1.00,2.10
2016.10.12 14:00:30.418,8.82773,8.82907,1.00,1.60
2016.10.12 14:00:31.505,8.82763,8.82907,1.00,1.60
2016.10.12 14:00:32.112,8.82763,8.82907,1.00,1.00
2016.10.12 14:00:33.507,8.82763,8.82907,1.00,1.50
2016.10.12 14:00:33.564,8.82763,8.82907,1.00,2.50
2016.10.12 14:00:33.615,8.82763,8.82907,1.00,1.00
2016.10.12 14:00:33.717,8.82763,8.82891,1.00,1.00
2016.10.12 14:00:33.819,8.82753,8.82879,2.10,1.00
2016.10.12 14:00:34.132,8.82763,8.82886,1.00,1.00
2016.10.12 14:00:34.183,8.82763,8.829,1.00,1.00
2016.10.12 14:00:34.537,8.82763,8.82906,1.00,1.00
2016.10.12 14:00:35.985,8.82764,8.82906,1.00,1.00
2016.10.12 14:00:36.137,8.82763,8.82906,1.00,1.00
2016.10.12 14:00:36.240,8.82763,8.82906,1.00,1.00
2016.10.12 14:00:36.516,8.82763,8.82906,1.00,1.00
2016.10.12 14:00:36.720,8.82763,8.82906,1.00,1.00
2016.10.12 14:00:37.203,8.82764,8.82906,1.00,1.00
2016.10.12 14:00:39.719,8.82764,8.82906,1.00,1.00
2016.10.12 14:00:40.849,8.82764,8.82906,1.00,1.00
2016.10.12 14:00:41.238,8.82753,8.82906,1.05,1.00
2016.10.12 14:00:41.403,8.82753,8.82901,1.05,1.00
2016.10.12 14:00:41.505,8.82753,8.82901,1.05,1.60
2016.10.12 14:00:41.556,8.82753,8.82901,1.00,1.60
2016.10.12 14:00:43.990,8.82743,8.82901,1.30,1.60
2016.10.12 14:00:44.360,8.82753,8.82901,1.00,1.60
2016.10.12 14:00:46.559,8.82753,8.82913,1.00,1.60
2016.10.12 14:00:46.857,8.82753,8.82924,1.00,1.60
2016.10.12 14:00:48.400,8.82753,8.82922,1.00,1.60
2016.10.12 14:00:48.934,8.82753,8.829,1.00,1.00
2016.10.12 14:00:48.985,8.82753,8.82879,1.00,1.00
2016.10.12 14:00:49.552,8.82753,8.82879,1.00,1.00
2016.10.12 14:00:49.896,8.82753,8.82879,1.00,1.00
2016.10.12 14:00:51.172,8.82753,8.82879,1.00,1.00
2016.10.12 14:00:51.539,8.82763,8.82879,1.57,1.00
2016.10.12 14:00:56.480,8.82763,8.82879,1.57,1.00
2016.10.12 14:00:57.025,8.82763,8.82879,1.57,1.00
2016.10.12 14:00:59.888,8.82727,8.82879,1.00,1.60
2016.10.12 14:01:01.058,8.82727,8.82861,1.00,1.00
2016.10.12 14:01:01.109,8.82713,8.82861,1.65,1.60
2016.10.12 14:01:01.561,8.82713,8.82861,1.65,1.00
2016.10.12 14:01:01.627,8.82713,8.82871,1.65,1.60
2016.10.12 14:01:03.330,8.82713,8.82871,1.65,1.60
2016.10.12 14:01:03.712,8.82713,8.82871,1.65,1.60
2016.10.12 14:01:03.814,8.82713,8.82871,1.65,1.60
2016.10.12 14:01:04.092,8.82713,8.82871,1.65,1.60
2016.10.12 14:01:04.143,8.82713,8.82871,1.65,1.60
2016.10.12 14:01:04.692,8.82713,8.82871,1.65,1.60
2016.10.12 14:01:05.094,8.82723,8.8288,1.00,1.60
2016.10.12 14:01:05.537,8.82723,8.8288,1.00,1.60
2016.10.12 14:01:05.983,8.82723,8.82866,1.00,1.00
2016.10.12 14:01:11.022,8.82723,8.82866,1.42,1.00
2016.10.12 14:01:11.146,8.82723,8.8287,1.42,1.35
2016.10.12 14:01:11.247,8.82733,8.8287,1.00,1.35
2016.10.12 14:01:11.297,8.82733,8.82885,1.00,2.10
2016.10.12 14:01:11.348,8.82733,8.82885,1.00,2.10
2016.10.12 14:01:11.660,8.82733,8.82885,1.00,3.10
2016.10.12 14:01:11.988,8.82734,8.82873,1.00,1.00
2016.10.12 14:01:12.039,8.82723,8.82873,1.20,1.00
2016.10.12 14:01:12.091,8.82723,8.82873,1.20,1.50
2016.10.12 14:01:12.543,8.82723,8.82853,1.20,1.00
2016.10.12 14:01:16.511,8.82723,8.82853,1.20,1.60
2016.10.12 14:01:16.890,8.82723,8.82853,1.20,1.00
2016.10.12 14:01:17.210,8.82733,8.82853,1.00,1.00
2016.10.12 14:01:17.538,8.82723,8.82853,1.87,1.00
2016.10.12 14:01:17.589,8.82723,8.82853,1.87,1.00
2016.10.12 14:01:18.456,8.82723,8.82853,1.87,1.00
2016.10.12 14:01:18.608,8.82723,8.82853,1.87,1.00
2016.10.12 14:01:18.659,8.82723,8.82853,1.87,1.35
2016.10.12 14:01:18.842,8.82723,8.82853,1.87,2.10
2016.10.12 14:01:18.960,8.82693,8.82853,1.00,2.10
2016.10.12 14:01:20.505,8.82723,8.82853,1.00,2.10
2016.10.12 14:01:20.924,8.82723,8.82853,1.00,1.60
2016.10.12 14:01:21.171,8.82694,8.82853,1.00,1.60
2016.10.12 14:01:22.539,8.82693,8.82853,1.50,1.60
2016.10.12 14:01:22.590,8.82693,8.82848,1.50,2.35
2016.10.12 14:01:22.848,8.82693,8.82819,1.50,1.00
2016.10.12 14:01:23.291,8.82693,8.82819,1.50,1.00
2016.10.12 14:01:26.722,8.82693,8.82847,1.50,1.60
2016.10.12 14:01:27.236,8.82693,8.82848,1.50,1.60
2016.10.12 14:01:27.314,8.82693,8.82843,1.50,1.00
2016.10.12 14:01:29.834,8.82693,8.82843,1.00,1.00
2016.10.12 14:01:29.936,8.82693,8.82841,1.00,1.00
2016.10.12 14:01:31.052,8.82668,8.82841,1.00,1.00
2016.10.12 14:01:31.522,8.82668,8.82811,1.00,1.00
2016.10.12 14:01:31.573,8.82663,8.82811,1.00,1.00
2016.10.12 14:01:31.674,8.82663,8.82811,1.00,1.00
2016.10.12 14:01:32.503,8.82663,8.82811,1.00,1.00
2016.10.12 14:01:32.592,8.82663,8.82811,1.00,1.00
2016.10.12 14:01:32.994,8.82663,8.82811,1.00,1.00
2016.10.12 14:01:33.302,8.82663,8.82811,1.00,1.00
2016.10.12 14:01:33.353,8.82663,8.82811,1.50,1.00
2016.10.12 14:01:34.093,8.82663,8.82807,1.50,1.00
2016.10.12 14:01:35.256,8.82663,8.82797,1.50,1.00
2016.10.12 14:01:36.344,8.82663,8.82801,1.50,1.00
2016.10.12 14:01:40.450,8.82663,8.82806,1.50,1.00
2016.10.12 14:01:41.113,8.82673,8.82806,1.00,1.00
2016.10.12 14:01:41.336,8.82673,8.82806,1.00,1.00
2016.10.12 14:01:43.116,8.82673,8.82806,1.00,1.00
2016.10.12 14:01:46.938,8.82673,8.82826,1.00,1.00
2016.10.12 14:01:48.880,8.82673,8.82826,1.00,1.60
2016.10.12 14:01:51.092,8.82664,8.82826,1.00,1.60
2016.10.12 14:01:51.144,8.82664,8.82826,1.00,1.00
2016.10.12 14:01:51.964,8.82664,8.82826,1.00,1.00
2016.10.12 14:01:52.079,8.82664,8.82826,1.00,1.60
2016.10.12 14:01:52.536,8.82664,8.82826,1.00,1.60
2016.10.12 14:01:53.037,8.82664,8.82826,1.00,1.60
2016.10.12 14:01:53.168,8.82664,8.82802,1.00,1.00
2016.10.12 14:01:53.446,8.82664,8.82802,1.00,1.00
2016.10.12 14:01:54.148,8.82664,8.82802,1.00,1.00
2016.10.12 14:01:54.270,8.82664,8.82796,1.00,1.00
2016.10.12 14:01:54.798,8.82664,8.82796,1.00,1.00
2016.10.12 14:01:54.899,8.82663,8.82796,1.50,1.00
2016.10.12 14:01:55.052,8.82663,8.82796,1.50,1.00
2016.10.12 14:01:55.103,8.82663,8.82796,1.00,1.00
2016.10.12 14:01:57.744,8.82624,8.82798,1.00,1.60
2016.10.12 14:01:57.806,8.82624,8.82798,1.00,1.60
2016.10.12 14:01:58.578,8.82624,8.82798,1.00,1.60
2016.10.12 14:02:00.279,8.82624,8.82753,1.00,1.00
2016.10.12 14:02:03.591,8.82624,8.82753,1.00,1.00
2016.10.12 14:02:03.693,8.82613,8.82744,1.00,1.00
2016.10.12 14:02:03.795,8.82613,8.82744,1.00,1.60
2016.10.12 14:02:04.014,8.82613,8.82751,1.00,1.60
2016.10.12 14:02:04.065,8.82563,8.82751,1.00,1.60
2016.10.12 14:02:04.426,8.82563,8.82732,1.00,1.00
2016.10.12 14:02:04.477,8.82563,8.82722,1.00,1.00
2016.10.12 14:02:04.859,8.82563,8.82727,1.00,1.00
2016.10.12 14:02:04.910,8.82563,8.82727,1.00,1.00
2016.10.12 14:02:04.960,8.82563,8.82737,1.00,1.35
2016.10.12 14:02:05.062,8.82563,8.82758,1.00,1.60
2016.10.12 14:02:05.112,8.82563,8.82758,1.00,1.60
2016.10.12 14:02:05.502,8.82563,8.82758,1.00,1.60
2016.10.12 14:02:05.931,8.82563,8.82768,1.00,2.10
2016.10.12 14:02:06.261,8.82563,8.82765,1.00,1.50
2016.10.12 14:02:06.312,8.82563,8.82765,1.00,3.10
2016.10.12 14:02:06.363,8.82563,8.82762,1.00,1.60
2016.10.12 14:02:06.414,8.82563,8.82707,1.00,1.00
2016.10.12 14:02:06.515,8.82563,8.82756,1.00,1.60
2016.10.12 14:02:07.290,8.82563,8.82767,1.00,1.60
2016.10.12 14:02:07.341,8.82563,8.82762,1.00,1.60
2016.10.12 14:02:07.762,8.82563,8.82766,1.00,2.10
2016.10.12 14:02:08.645,8.82563,8.82762,1.00,1.60
2016.10.12 14:02:08.937,8.82563,8.82766,1.00,2.10
2016.10.12 14:02:09.121,8.82563,8.82766,1.00,2.10
2016.10.12 14:02:09.402,8.82563,8.82766,1.00,2.10
2016.10.12 14:02:09.634,8.82563,8.82696,1.00,1.00
2016.10.12 14:02:09.804,8.82563,8.82696,1.00,1.00
2016.10.12 14:02:10.105,8.82564,8.82718,1.00,2.10
2016.10.12 14:02:10.157,8.82564,8.82718,1.00,2.10
2016.10.12 14:02:10.634,8.82564,8.82747,1.00,2.10
2016.10.12 14:02:10.824,8.82564,8.82747,1.00,2.10
2016.10.12 14:02:11.494,8.82563,8.82747,1.00,2.85
2016.10.12 14:02:11.549,8.82563,8.82747,1.00,2.85
2016.10.12 14:02:12.045,8.82563,8.82747,1.00,2.10
2016.10.12 14:02:12.498,8.82563,8.82705,1.00,1.00
2016.10.12 14:02:12.899,8.82563,8.82699,1.00,1.00
2016.10.12 14:02:13.461,8.82563,8.82699,1.00,1.00
2016.10.12 14:02:13.563,8.82563,8.82699,1.00,1.00
2016.10.12 14:02:13.814,8.82533,8.82699,1.00,1.00
2016.10.12 14:02:14.072,8.82533,8.82727,1.00,1.00
2016.10.12 14:02:14.650,8.82533,8.82747,1.00,2.85
2016.10.12 14:02:14.903,8.82533,8.82747,1.00,2.85
2016.10.12 14:02:14.954,8.82533,8.82742,1.00,1.35
2016.10.12 14:02:15.015,8.82533,8.82742,1.00,1.35
2016.10.12 14:02:15.066,8.82533,8.82747,1.00,2.10
2016.10.12 14:02:15.686,8.82533,8.82742,1.00,1.35
2016.10.12 14:02:15.737,8.82533,8.82729,1.00,2.10
2016.10.12 14:02:15.889,8.82533,8.82672,1.00,1.00
2016.10.12 14:02:15.991,8.82533,8.82687,1.00,1.00
2016.10.12 14:02:16.042,8.82533,8.82687,1.00,1.00
2016.10.12 14:02:16.093,8.82542,8.82737,1.00,1.60
2016.10.12 14:02:16.301,8.82542,8.82739,1.00,1.60
2016.10.12 14:02:16.355,8.82538,8.8276,1.00,2.10
2016.10.12 14:02:16.457,8.82538,8.82752,1.00,1.60
2016.10.12 14:02:16.570,8.8256,8.8276,1.00,2.10
2016.10.12 14:02:16.621,8.8256,8.82771,1.00,2.10
2016.10.12 14:02:17.337,8.82615,8.82776,1.00,1.00
2016.10.12 14:02:17.387,8.82585,8.82777,1.00,1.00
2016.10.12 14:02:17.559,8.82585,8.82797,1.00,1.00
2016.10.12 14:02:17.889,8.82585,8.82807,1.00,1.60
2016.10.12 14:02:18.360,8.82585,8.82802,1.00,1.00
2016.10.12 14:02:18.442,8.82563,8.82802,1.00,1.00
2016.10.12 14:02:18.772,8.82563,8.82807,1.00,1.60
2016.10.12 14:02:19.215,8.82563,8.82802,1.00,1.00
2016.10.12 14:02:19.316,8.82563,8.82817,1.00,1.60
2016.10.12 14:02:19.410,8.82613,8.82803,1.00,1.00
2016.10.12 14:02:19.894,8.8255,8.82802,1.00,1.00
2016.10.12 14:02:19.944,8.8255,8.82791,1.00,1.00
2016.10.12 14:02:20.229,8.8255,8.82797,1.00,1.00
2016.10.12 14:02:20.589,8.82559,8.82797,1.00,1.00
2016.10.12 14:02:20.782,8.82623,8.82797,1.00,1.00
2016.10.12 14:02:21.154,8.82623,8.82817,1.00,1.00
2016.10.12 14:02:22.020,8.82623,8.82831,1.00,1.00
2016.10.12 14:02:22.172,8.82623,8.82831,1.00,1.00
2016.10.12 14:02:22.274,8.82623,8.82831,1.00,1.00
2016.10.12 14:02:22.837,8.82623,8.82831,1.00,1.00
2016.10.12 14:02:22.888,8.82657,8.82831,1.00,1.00
2016.10.12 14:02:23.041,8.82657,8.82863,1.00,1.07
2016.10.12 14:02:23.505,8.82657,8.82863,1.00,1.07
2016.10.12 14:02:23.883,8.82644,8.82821,1.00,1.00
2016.10.12 14:02:23.934,8.82644,8.82795,1.00,1.00
2016.10.12 14:02:24.137,8.82624,8.82795,1.00,1.00
2016.10.12 14:02:24.348,8.82619,8.82791,1.00,1.00
2016.10.12 14:02:24.673,8.82619,8.82771,1.00,1.00
2016.10.12 14:02:25.386,8.8259,8.82771,1.00,1.00
2016.10.12 14:02:25.450,8.8259,8.82771,1.00,1.00
2016.10.12 14:02:26.153,8.8259,8.82771,1.00,1.00
2016.10.12 14:02:26.433,8.8259,8.82798,1.00,1.00
2016.10.12 14:02:26.483,8.82622,8.82798,1.00,1.00
2016.10.12 14:02:27.391,8.82622,8.82798,1.00,1.00
2016.10.12 14:02:27.785,8.82622,8.82798,1.00,1.00
2016.10.12 14:02:27.957,8.82622,8.82798,1.00,1.00
2016.10.12 14:02:28.670,8.82622,8.82798,1.00,1.00
2016.10.12 14:02:29.355,8.82622,8.82798,1.00,1.00
2016.10.12 14:02:29.436,8.8261,8.82757,1.00,1.00
2016.10.12 14:02:29.649,8.82583,8.82757,1.00,1.00
2016.10.12 14:02:30.260,8.82602,8.82757,1.00,1.00
2016.10.12 14:02:31.865,8.82583,8.82757,1.00,1.00
2016.10.12 14:02:32.743,8.82603,8.82757,1.00,1.00
2016.10.12 14:02:34.684,8.82604,8.82757,1.00,1.00
2016.10.12 14:02:35.029,8.82603,8.82738,1.00,1.00
2016.10.12 14:02:36.100,8.82603,8.82753,1.00,1.00
2016.10.12 14:02:36.305,8.82603,8.82753,1.00,1.00
2016.10.12 14:02:36.500,8.82614,8.82753,1.00,1.00
2016.10.12 14:02:38.215,8.82603,8.82753,1.00,1.00
2016.10.12 14:02:39.030,8.82603,8.82753,1.00,1.00
2016.10.12 14:02:39.131,8.82603,8.82753,1.00,1.00
2016.10.12 14:02:40.109,8.82603,8.82753,1.00,1.00
2016.10.12 14:02:40.625,8.82603,8.82753,1.00,1.00
2016.10.12 14:02:41.480,8.82603,8.82739,1.00,1.00
2016.10.12 14:02:42.182,8.82603,8.82703,1.00,1.00
2016.10.12 14:02:42.882,8.82573,8.82703,1.00,1.00
2016.10.12 14:02:48.426,8.82573,8.82703,1.00,1.00
2016.10.12 14:02:48.635,8.82573,8.82717,1.00,1.00
2016.10.12 14:02:48.704,8.82556,8.82676,1.00,1.00
2016.10.12 14:02:48.915,8.82536,8.82676,1.00,1.00
2016.10.12 14:02:48.966,8.82523,8.82676,1.00,1.00
2016.10.12 14:02:49.182,8.82523,8.82703,1.00,1.00
2016.10.12 14:02:49.974,8.82523,8.82678,1.00,1.00
2016.10.12 14:02:51.807,8.82514,8.82654,3.59,1.00
2016.10.12 14:02:52.062,8.82513,8.82654,3.24,1.00
2016.10.12 14:02:52.587,8.82513,8.82654,1.75,1.00
2016.10.12 14:02:53.176,8.82511,8.82654,1.00,1.00
2016.10.12 14:02:53.227,8.82491,8.82654,1.00,1.00
2016.10.12 14:02:53.450,8.82491,8.82654,1.00,1.00
2016.10.12 14:02:53.501,8.82482,8.82617,1.00,1.00
2016.10.12 14:02:53.653,8.82473,8.82595,1.00,1.00
2016.10.12 14:02:53.855,8.82463,8.82548,1.57,1.00
2016.10.12 14:02:53.906,8.82463,8.82548,1.05,1.00
2016.10.12 14:02:54.008,8.82463,8.82548,1.00,1.00
2016.10.12 14:02:54.524,8.82423,8.82548,1.00,1.00
2016.10.12 14:02:55.110,8.82423,8.82495,1.00,1.00
2016.10.12 14:02:55.419,8.82377,8.82429,1.00,1.00
2016.10.12 14:02:55.636,8.82373,8.82429,1.00,1.00
2016.10.12 14:02:55.687,8.82373,8.82392,1.00,1.00
2016.10.12 14:02:55.741,8.82373,8.82411,1.00,1.00
2016.10.12 14:02:55.795,8.82364,8.82411,1.00,1.00
2016.10.12 14:02:55.845,8.82289,8.82411,1.00,1.00
2016.10.12 14:02:55.947,8.82266,8.82411,1.00,1.00
2016.10.12 14:02:56.195,8.82265,8.82453,1.00,1.00
2016.10.12 14:02:56.246,8.82265,8.82453,1.00,1.00
2016.10.12 14:02:56.297,8.82263,8.82453,1.50,1.00
2016.10.12 14:02:56.347,8.82283,8.82453,1.00,1.00
2016.10.12 14:02:56.449,8.82238,8.82474,1.60,1.00
2016.10.12 14:02:56.513,8.82238,8.82474,1.97,1.00
2016.10.12 14:02:56.725,8.82238,8.82474,1.60,1.00
2016.10.12 14:02:57.178,8.82233,8.82474,2.10,1.00
2016.10.12 14:02:57.650,8.82224,8.82442,2.10,1.00
2016.10.12 14:02:57.701,8.82235,8.82457,1.37,1.00
2016.10.12 14:02:57.752,8.82235,8.82457,1.37,1.00
2016.10.12 14:02:57.803,8.82252,8.82457,1.00,1.00
2016.10.12 14:02:58.245,8.82272,8.82441,1.00,1.00
2016.10.12 14:02:58.296,8.82272,8.82441,1.00,1.00
2016.10.12 14:02:58.554,8.82272,8.82441,1.37,1.00
2016.10.12 14:02:58.605,8.82272,8.82459,1.37,1.00
2016.10.12 14:02:58.720,8.82272,8.82483,1.37,1.00
2016.10.12 14:02:58.771,8.82272,8.82483,1.20,1.00
2016.10.12 14:02:58.825,8.82272,8.82483,1.15,1.00
2016.10.12 14:02:58.876,8.82272,8.82483,1.15,1.00
2016.10.12 14:02:58.928,8.82272,8.82459,1.15,1.00
2016.10.12 14:02:59.228,8.82272,8.82459,1.15,1.00
2016.10.12 14:02:59.280,8.82272,8.82459,1.00,1.00
2016.10.12 14:02:59.822,8.82273,8.82459,1.00,1.00
2016.10.12 14:03:00.169,8.82273,8.82459,1.00,1.00
2016.10.12 14:03:00.893,8.82273,8.82459,1.20,1.00
2016.10.12 14:03:00.995,8.82273,8.82475,1.20,1.00
2016.10.12 14:03:01.097,8.82273,8.82475,1.20,1.00
2016.10.12 14:03:01.148,8.82273,8.82475,1.00,1.00
2016.10.12 14:03:01.199,8.82273,8.82475,1.00,1.00
2016.10.12 14:03:01.468,8.82273,8.82475,1.00,1.00
2016.10.12 14:03:01.603,8.82273,8.82475,1.00,1.00
2016.10.12 14:03:01.755,8.82306,8.82475,1.00,1.00
2016.10.12 14:03:02.346,8.82274,8.82475,1.00,1.00
2016.10.12 14:03:03.344,8.82274,8.82475,1.00,1.00
2016.10.12 14:03:03.707,8.82306,8.82514,1.00,1.00
2016.10.12 14:03:03.966,8.82306,8.82514,1.00,1.00
2016.10.12 14:03:04.072,8.82306,8.82514,1.00,1.00
2016.10.12 14:03:04.701,8.82339,8.82537,1.00,1.00
2016.10.12 14:03:04.803,8.82339,8.82537,1.00,1.00
2016.10.12 14:03:04.904,8.82339,8.82537,1.00,1.00
2016.10.12 14:03:05.134,8.82339,8.82537,1.37,1.00
2016.10.12 14:03:05.519,8.82339,8.82537,1.37,1.00
2016.10.12 14:03:05.621,8.82339,8.82537,1.37,1.00
2016.10.12 14:03:05.672,8.82339,8.82518,1.37,1.00
2016.10.12 14:03:05.723,8.8235,8.82518,1.00,1.00
2016.10.12 14:03:05.773,8.8237,8.82518,1.00,1.00
2016.10.12 14:03:06.070,8.82323,8.82518,1.37,1.00
2016.10.12 14:03:06.320,8.82323,8.82518,1.37,1.00
2016.10.12 14:03:07.104,8.82323,8.82532,2.25,1.00
2016.10.12 14:03:07.339,8.82342,8.82532,1.35,1.00
2016.10.12 14:03:07.491,8.82343,8.82532,1.97,1.00
2016.10.12 14:03:07.542,8.8239,8.82532,1.00,1.00
2016.10.12 14:03:07.882,8.8241,8.82532,1.00,1.00
2016.10.12 14:03:08.783,8.82378,8.82532,1.00,1.00
2016.10.12 14:03:09.088,8.82373,8.82512,1.00,1.00
2016.10.12 14:03:09.718,8.82373,8.82512,1.00,1.00
2016.10.12 14:03:10.083,8.82373,8.82512,1.00,1.00
2016.10.12 14:03:11.493,8.82373,8.8249,1.00,1.00
2016.10.12 14:03:16.901,8.82373,8.82462,1.00,1.00
2016.10.12 14:03:17.006,8.82373,8.82462,1.00,1.00
2016.10.12 14:03:17.966,8.82323,8.82466,1.00,1.00
2016.10.12 14:03:18.017,8.82323,8.82476,1.00,1.00
2016.10.12 14:03:18.119,8.82287,8.82476,1.00,1.00
2016.10.12 14:03:18.232,8.82275,8.82476,1.50,1.00
2016.10.12 14:03:18.429,8.82275,8.82476,1.00,1.00
2016.10.12 14:03:18.531,8.82273,8.82476,1.00,1.00
2016.10.12 14:03:18.924,8.82273,8.82476,1.00,1.00
2016.10.12 14:03:19.117,8.82273,8.82476,1.00,1.00
2016.10.12 14:03:19.323,8.82273,8.82476,1.00,1.00
2016.10.12 14:03:19.374,8.82273,8.82424,1.00,1.00
2016.10.12 14:03:19.577,8.82273,8.82445,1.00,1.00
2016.10.12 14:03:20.158,8.82273,8.82413,1.00,1.00
2016.10.12 14:03:20.260,8.82273,8.82413,1.00,1.00
2016.10.12 14:03:20.946,8.82223,8.82363,1.00,1.00
2016.10.12 14:03:22.307,8.82224,8.82363,1.00,1.00
2016.10.12 14:03:22.656,8.82223,8.82335,1.00,1.00
2016.10.12 14:03:25.801,8.82223,8.82313,1.00,1.00
2016.10.12 14:03:26.069,8.82177,8.82313,1.00,1.00
2016.10.12 14:03:26.322,8.82163,8.82313,1.00,1.00
2016.10.12 14:03:26.390,8.82163,8.82282,1.00,1.00
2016.10.12 14:03:26.492,8.82113,8.82282,1.00,1.00
2016.10.12 14:03:26.543,8.82113,8.8226,1.00,1.00
2016.10.12 14:03:27.167,8.82113,8.82228,1.00,1.00
2016.10.12 14:03:27.690,8.82113,8.82246,1.00,1.00
2016.10.12 14:03:28.811,8.82063,8.82246,1.00,1.00
2016.10.12 14:03:30.030,8.82069,8.82246,1.00,1.00
2016.10.12 14:03:30.183,8.82089,8.82283,1.00,1.00
2016.10.12 14:03:30.855,8.82073,8.82283,1.00,1.00
2016.10.12 14:03:31.065,8.82073,8.82283,1.50,1.00
2016.10.12 14:03:31.142,8.82073,8.82283,1.00,1.00
2016.10.12 14:03:31.243,8.82063,8.82283,1.87,1.00
2016.10.12 14:03:31.484,8.82089,8.82283,1.00,1.00
2016.10.12 14:03:31.788,8.82089,8.82256,1.00,1.00
2016.10.12 14:03:32.271,8.82063,8.82256,1.00,1.00
2016.10.12 14:03:33.306,8.82069,8.82256,1.00,1.00
2016.10.12 14:03:33.960,8.82089,8.82256,1.00,1.00
2016.10.12 14:03:35.366,8.82089,8.82281,1.00,1.00
2016.10.12 14:03:35.601,8.82121,8.82281,1.00,1.00
2016.10.12 14:03:36.616,8.82121,8.82281,1.00,1.00
2016.10.12 14:03:36.717,8.82121,8.82309,1.00,1.00
2016.10.12 14:03:38.420,8.82121,8.82309,1.00,1.00
2016.10.12 14:03:38.471,8.82121,8.82309,1.00,1.00
2016.10.12 14:03:38.523,8.82121,8.8227,1.00,1.00
2016.10.12 14:03:38.574,8.82121,8.8227,1.00,1.00
2016.10.12 14:03:38.819,8.82123,8.8227,1.00,1.00
2016.10.12 14:03:39.098,8.82123,8.8227,1.00,1.00
2016.10.12 14:03:39.809,8.82123,8.8227,1.00,1.00
2016.10.12 14:03:40.875,8.82123,8.8227,1.00,1.00
2016.10.12 14:03:41.053,8.82123,8.8227,1.00,1.00
2016.10.12 14:03:41.104,8.82123,8.8227,1.00,1.00
2016.10.12 14:03:41.155,8.82123,8.8227,1.60,1.00
2016.10.12 14:03:41.205,8.82146,8.8227,1.00,1.00
2016.10.12 14:03:41.576,8.82146,8.82294,1.00,1.00
2016.10.12 14:03:42.663,8.82146,8.82316,1.00,1.00
2016.10.12 14:03:43.616,8.82146,8.82304,1.00,1.00
2016.10.12 14:03:52.724,8.82163,8.82304,1.00,1.00
2016.10.12 14:03:57.059,8.82153,8.82304,1.00,1.00
2016.10.12 14:03:57.139,8.82168,8.82335,1.00,1.00
2016.10.12 14:03:57.408,8.82188,8.82335,1.00,1.00
2016.10.12 14:03:59.542,8.82188,8.82335,1.00,1.00
2016.10.12 14:03:59.814,8.82188,8.82353,1.00,1.00
2016.10.12 14:04:00.631,8.82174,8.82353,1.00,1.00
2016.10.12 14:04:00.686,8.8219,8.82376,1.00,1.00
2016.10.12 14:04:01.116,8.82178,8.82376,1.60,1.00
2016.10.12 14:04:02.260,8.82178,8.82376,1.00,1.00
2016.10.12 14:04:02.981,8.82178,8.82376,1.00,1.00
2016.10.12 14:04:03.247,8.82178,8.82353,1.00,1.00
2016.10.12 14:04:03.298,8.82193,8.82353,1.00,1.00
2016.10.12 14:04:04.824,8.82193,8.82371,1.00,1.00
2016.10.12 14:04:07.011,8.82203,8.82371,1.00,1.00
2016.10.12 14:04:11.771,8.82203,8.82353,1.00,1.00
2016.10.12 14:04:12.347,8.82235,8.82353,1.00,1.00
2016.10.12 14:04:12.660,8.82241,8.82353,1.00,1.00
2016.10.12 14:04:13.410,8.82186,8.82353,1.00,1.00
2016.10.12 14:04:13.461,8.82154,8.82337,1.00,1.00
2016.10.12 14:04:14.730,8.82153,8.82337,1.00,1.00
2016.10.12 14:04:14.781,8.82153,8.82337,1.00,1.00
2016.10.12 14:04:14.832,8.82153,8.82337,1.00,1.00
2016.10.12 14:04:14.944,8.82153,8.82337,1.00,1.00
2016.10.12 14:04:15.499,8.82154,8.82307,1.00,1.00
2016.10.12 14:04:16.302,8.82153,8.82307,1.00,1.00
2016.10.12 14:04:17.451,8.82122,8.82307,1.60,1.00
2016.10.12 14:04:17.864,8.82103,8.82307,1.60,1.00
2016.10.12 14:04:17.919,8.82103,8.82282,1.00,1.00
2016.10.12 14:04:18.021,8.82103,8.82282,1.00,1.00
2016.10.12 14:04:19.122,8.82103,8.82282,1.00,1.00
2016.10.12 14:04:21.385,8.82103,8.82282,1.00,1.00
2016.10.12 14:04:22.352,8.82103,8.82282,1.00,1.00
2016.10.12 14:04:24.140,8.82103,8.82298,1.00,1.00
2016.10.12 14:04:24.192,8.8211,8.82298,1.00,1.00
2016.10.12 14:04:24.245,8.82107,8.82298,1.00,1.00
2016.10.12 14:04:24.548,8.82107,8.82298,1.00,1.00
2016.10.12 14:04:24.649,8.82103,8.82279,1.00,1.00
2016.10.12 14:04:25.667,8.82103,8.82279,1.00,1.00
2016.10.12 14:04:25.986,8.82103,8.82279,1.00,1.00
2016.10.12 14:04:26.245,8.82103,8.82279,1.00,1.00
2016.10.12 14:04:26.347,8.82103,8.82242,1.00,1.00
2016.10.12 14:04:26.449,8.82103,8.82242,1.00,1.00
2016.10.12 14:04:26.947,8.82121,8.82242,1.00,1.00
2016.10.12 14:04:26.999,8.82121,8.82217,1.00,1.00
2016.10.12 14:04:27.372,8.82068,8.82217,1.00,1.00
2016.10.12 14:04:29.312,8.82053,8.82174,1.00,1.00
2016.10.12 14:04:29.940,8.82054,8.82174,1.00,1.00
2016.10.12 14:04:30.522,8.82053,8.82174,1.00,1.00
2016.10.12 14:04:30.573,8.82029,8.82141,1.00,1.00
2016.10.12 14:04:30.624,8.82003,8.82141,1.00,1.00
2016.10.12 14:04:30.950,8.81965,8.82167,1.00,1.60
2016.10.12 14:04:31.003,8.81965,8.82087,1.00,1.00
2016.10.12 14:04:31.054,8.81953,8.82087,1.00,1.00
2016.10.12 14:04:31.183,8.81953,8.82087,1.00,1.00
2016.10.12 14:04:31.659,8.81933,8.82069,1.00,1.00
2016.10.12 14:04:33.515,8.81914,8.82069,1.00,1.00
2016.10.12 14:04:33.566,8.81893,8.82028,1.00,1.00
2016.10.12 14:04:33.617,8.81873,8.82028,1.00,1.00
2016.10.12 14:04:33.667,8.81843,8.8199,1.00,1.00
2016.10.12 14:04:33.718,8.81843,8.8199,1.00,1.00
2016.10.12 14:04:33.820,8.81793,8.8199,1.00,1.00
2016.10.12 14:04:34.127,8.81793,8.82007,1.00,1.00
2016.10.12 14:04:34.714,8.81793,8.81988,1.00,1.00
2016.10.12 14:04:35.847,8.81793,8.81988,1.00,1.00
2016.10.12 14:04:35.948,8.81793,8.81965,1.00,1.00
2016.10.12 14:04:36.100,8.81794,8.81965,1.00,1.00
2016.10.12 14:04:36.424,8.81743,8.82011,1.00,1.60
2016.10.12 14:04:36.526,8.81743,8.82011,1.00,1.60
2016.10.12 14:04:36.637,8.81743,8.82011,1.00,1.60
2016.10.12 14:04:37.416,8.81743,8.82011,1.00,2.10
2016.10.12 14:04:37.467,8.81743,8.81937,1.00,1.00
2016.10.12 14:04:37.518,8.81743,8.81937,1.00,1.00
2016.10.12 14:04:40.524,8.81703,8.81913,1.00,1.00
2016.10.12 14:04:40.575,8.81712,8.81913,1.00,1.00
2016.10.12 14:04:40.705,8.81712,8.81913,1.00,1.00
2016.10.12 14:04:40.844,8.81712,8.81913,1.00,1.00
2016.10.12 14:04:41.112,8.81712,8.81913,1.00,1.00
2016.10.12 14:04:41.163,8.81712,8.81913,1.00,1.00
2016.10.12 14:04:41.416,8.81712,8.81913,1.00,1.00
2016.10.12 14:04:41.517,8.81712,8.81913,1.00,1.00
2016.10.12 14:04:42.046,8.81712,8.81913,1.00,1.00
2016.10.12 14:04:42.250,8.8168,8.81894,1.00,1.00
2016.10.12 14:04:42.552,8.81661,8.81866,1.00,1.00
2016.10.12 14:04:42.605,8.81653,8.81866,1.50,1.00
2016.10.12 14:04:42.758,8.81653,8.81866,1.50,1.00
2016.10.12 14:04:42.812,8.81653,8.81866,1.50,1.00
2016.10.12 14:04:42.914,8.81662,8.81866,1.00,1.00
2016.10.12 14:04:43.215,8.81667,8.81924,1.10,1.00
2016.10.12 14:04:43.266,8.81684,8.81924,1.00,1.00
2016.10.12 14:04:43.317,8.81684,8.81924,1.60,1.00
2016.10.12 14:04:43.368,8.8174,8.81924,1.00,1.00
2016.10.12 14:04:43.419,8.8174,8.8195,1.00,1.00
2016.10.12 14:04:43.521,8.8174,8.8195,1.50,1.00
2016.10.12 14:04:43.572,8.81772,8.8195,1.00,1.00
2016.10.12 14:04:43.988,8.81772,8.8195,1.00,1.00
2016.10.12 14:04:44.040,8.81772,8.8195,1.00,1.00
2016.10.12 14:04:44.091,8.81804,8.8195,1.00,1.00
2016.10.12 14:04:44.457,8.81804,8.81978,1.00,1.00
2016.10.12 14:04:44.507,8.81804,8.81958,1.00,1.00
2016.10.12 14:04:46.963,8.81804,8.81978,1.00,1.00
2016.10.12 14:04:47.013,8.81804,8.81978,1.00,1.00
2016.10.12 14:04:47.634,8.81804,8.81961,1.00,1.00
2016.10.12 14:04:49.150,8.81804,8.8198,1.00,1.00
2016.10.12 14:04:49.201,8.81804,8.82004,1.00,1.00
2016.10.12 14:04:49.405,8.81843,8.82004,1.00,1.00
2016.10.12 14:04:49.800,8.81843,8.81988,1.00,1.00
2016.10.12 14:04:50.090,8.81813,8.81988,1.00,1.00
2016.10.12 14:04:52.478,8.81813,8.81988,1.00,1.00
2016.10.12 14:04:54.120,8.81845,8.82004,1.00,1.00
2016.10.12 14:04:54.514,8.81845,8.81984,1.00,1.00
2016.10.12 14:04:55.165,8.81845,8.81984,1.00,1.00
2016.10.12 14:04:55.216,8.81845,8.82007,1.00,1.00
2016.10.12 14:04:55.494,8.81884,8.82007,1.00,1.00
2016.10.12 14:04:55.748,8.81884,8.81988,1.00,1.00
2016.10.12 14:04:55.799,8.81864,8.81988,1.00,1.00
2016.10.12 14:04:55.850,8.81845,8.81988,1.00,1.00
2016.10.12 14:04:59.447,8.81804,8.81968,1.00,1.00
2016.10.12 14:04:59.537,8.81804,8.81968,1.00,1.00
2016.10.12 14:05:00.328,8.81804,8.81944,1.00,1.00
2016.10.12 14:05:00.986,8.81793,8.81918,1.00,1.00
2016.10.12 14:05:02.644,8.81772,8.81891,1.00,1.00
2016.10.12 14:05:02.696,8.81752,8.81891,1.00,1.00
2016.10.12 14:05:02.747,8.81743,8.81891,1.00,1.00
2016.10.12 14:05:03.548,8.81743,8.81871,1.00,1.00
2016.10.12 14:05:07.139,8.81724,8.81871,1.00,1.00
2016.10.12 14:05:11.135,8.81704,8.81846,1.00,1.00
2016.10.12 14:05:11.186,8.81693,8.81846,1.00,1.00
2016.10.12 14:05:11.417,8.81693,8.81846,1.00,1.00
2016.10.12 14:05:11.994,8.81693,8.81846,1.00,1.00
2016.10.12 14:05:12.442,8.81689,8.81846,1.00,1.00
2016.10.12 14:05:12.493,8.81689,8.81822,1.00,1.00
2016.10.12 14:05:12.544,8.81668,8.81822,1.00,1.00
2016.10.12 14:05:12.595,8.81647,8.81795,1.00,1.00
2016.10.12 14:05:12.815,8.81647,8.81776,1.00,1.00
2016.10.12 14:05:13.827,8.81607,8.81748,1.00,1.00
2016.10.12 14:05:13.929,8.81607,8.81748,1.00,1.00
2016.10.12 14:05:14.441,8.81607,8.81766,1.00,1.00
2016.10.12 14:05:16.667,8.81607,8.81766,1.00,1.00
2016.10.12 14:05:17.272,8.81607,8.8175,1.00,1.00
2016.10.12 14:05:17.352,8.81607,8.81747,1.00,1.00
2016.10.12 14:05:17.403,8.81607,8.81747,1.00,1.00
2016.10.12 14:05:17.665,8.81593,8.81747,1.00,1.00
2016.10.12 14:05:17.716,8.81593,8.81742,1.00,1.00
2016.10.12 14:05:18.820,8.81593,8.81742,1.00,1.00
2016.10.12 14:05:19.186,8.81575,8.81742,1.00,1.00
2016.10.12 14:05:19.453,8.81543,8.81722,1.00,1.00
2016.10.12 14:05:19.504,8.81543,8.81722,1.00,1.00
2016.10.12 14:05:19.555,8.81543,8.81722,1.00,1.00
2016.10.12 14:05:19.656,8.81543,8.81722,1.00,1.00
2016.10.12 14:05:19.707,8.81509,8.81722,1.00,1.37
2016.10.12 14:05:19.759,8.81509,8.81722,1.00,1.37
2016.10.12 14:05:19.860,8.81509,8.81722,1.00,1.37
2016.10.12 14:05:20.288,8.81509,8.81672,1.00,1.00
2016.10.12 14:05:20.339,8.81493,8.81653,1.00,1.00
2016.10.12 14:05:20.939,8.81443,8.81653,1.00,1.00
2016.10.12 14:05:21.240,8.81458,8.81653,1.00,1.00
2016.10.12 14:05:21.393,8.81454,8.81674,1.00,1.37
2016.10.12 14:05:21.632,8.81481,8.81674,1.00,1.00
2016.10.12 14:05:21.683,8.81501,8.81674,1.00,1.00
2016.10.12 14:05:24.025,8.81537,8.81709,1.00,1.00
2016.10.12 14:05:26.055,8.81537,8.81727,1.00,1.00
2016.10.12 14:05:27.250,8.81548,8.81727,1.00,1.00
2016.10.12 14:05:27.301,8.81568,8.81727,1.00,1.00
2016.10.12 14:05:28.790,8.81568,8.81747,1.00,1.00
2016.10.12 14:05:30.727,8.81568,8.81724,1.00,1.00
2016.10.12 14:05:30.782,8.81568,8.81724,1.00,1.00
2016.10.12 14:05:31.339,8.81568,8.81724,1.00,1.00
2016.10.12 14:05:31.491,8.81574,8.8172,1.00,1.00
2016.10.12 14:05:31.593,8.81568,8.8172,1.00,1.00
2016.10.12 14:05:32.289,8.81573,8.8172,1.00,1.00
2016.10.12 14:05:32.627,8.816,8.81739,1.00,1.00
2016.10.12 14:05:33.525,8.816,8.81763,1.00,1.00
2016.10.12 14:05:34.702,8.816,8.81763,1.00,1.00
2016.10.12 14:05:36.516,8.816,8.81763,1.00,1.00
2016.10.12 14:05:37.917,8.816,8.81763,1.00,1.00
2016.10.12 14:05:37.968,8.816,8.81737,1.00,1.00
2016.10.12 14:05:38.719,8.81573,8.81737,1.00,1.00
2016.10.12 14:05:39.310,8.81573,8.81719,1.00,1.00
2016.10.12 14:05:39.602,8.81573,8.81719,1.00,1.00
2016.10.12 14:05:39.704,8.81573,8.81719,1.00,1.00
2016.10.12 14:05:40.302,8.81574,8.81719,1.00,1.00
2016.10.12 14:05:40.353,8.81573,8.81719,1.00,1.00
2016.10.12 14:05:41.217,8.81573,8.81719,1.00,1.00
2016.10.12 14:05:42.340,8.81593,8.81719,1.00,1.00
2016.10.12 14:05:45.349,8.81593,8.81697,1.00,1.00
2016.10.12 14:05:45.883,8.81593,8.81711,1.00,1.00
2016.10.12 14:05:46.673,8.81593,8.81711,1.00,1.00
2016.10.12 14:05:49.061,8.81599,8.81711,1.00,1.00
2016.10.12 14:05:49.574,8.81593,8.81711,1.00,1.00
2016.10.12 14:05:49.902,8.81593,8.81711,1.00,1.00
2016.10.12 14:05:51.472,8.81593,8.81711,1.00,1.00
2016.10.12 14:05:51.574,8.81593,8.81682,1.00,1.00
2016.10.12 14:05:51.624,8.81593,8.81682,1.00,1.00
2016.10.12 14:05:51.725,8.81593,8.81682,1.00,1.00
2016.10.12 14:05:51.826,8.81593,8.81682,1.00,1.00
2016.10.12 14:05:52.031,8.81593,8.81699,1.00,1.00
2016.10.12 14:05:52.321,8.81573,8.81699,1.00,1.00
2016.10.12 14:05:52.542,8.81573,8.81684,1.00,1.00
2016.10.12 14:05:52.823,8.81573,8.817,1.00,1.00
2016.10.12 14:05:53.375,8.81573,8.81699,1.00,1.00
2016.10.12 14:05:53.884,8.81574,8.81699,1.00,1.00
2016.10.12 14:05:54.241,8.81591,8.81699,1.00,1.00
2016.10.12 14:05:55.455,8.81584,8.81699,1.00,1.00
2016.10.12 14:05:56.037,8.81589,8.81699,1.00,1.00
2016.10.12 14:05:56.949,8.81573,8.81699,1.00,1.00
2016.10.12 14:06:01.761,8.81582,8.81699,1.00,1.00
2016.10.12 14:06:02.332,8.81603,8.81699,1.00,1.00
2016.10.12 14:06:08.003,8.81603,8.81717,1.00,1.00
2016.10.12 14:06:08.208,8.81604,8.81717,1.00,1.00
2016.10.12 14:06:08.482,8.81603,8.81717,1.00,1.00
2016.10.12 14:06:08.533,8.81603,8.81742,1.00,1.00
2016.10.12 14:06:08.686,8.81603,8.81742,1.00,1.00
2016.10.12 14:06:08.909,8.81603,8.81723,1.00,1.00
2016.10.12 14:06:10.620,8.81604,8.81723,1.00,1.00
2016.10.12 14:06:12.567,8.81613,8.81739,1.00,1.00
2016.10.12 14:06:12.668,8.8162,8.81739,1.00,1.00
2016.10.12 14:06:13.364,8.8163,8.81739,1.00,1.00
2016.10.12 14:06:13.575,8.81624,8.81739,1.00,1.00
2016.10.12 14:06:14.590,8.81624,8.81761,1.00,1.00
2016.10.12 14:06:15.621,8.81624,8.81734,1.00,1.00
2016.10.12 14:06:15.741,8.81624,8.8175,1.00,1.00
2016.10.12 14:06:16.767,8.81603,8.8175,1.00,1.00
2016.10.12 14:06:18.110,8.81603,8.8175,1.00,1.00
2016.10.12 14:06:18.410,8.81603,8.8175,1.00,1.00
2016.10.12 14:06:18.461,8.81653,8.81735,1.00,1.00
2016.10.12 14:06:21.852,8.81654,8.81735,1.00,1.00
2016.10.12 14:06:22.367,8.81653,8.81735,1.00,1.00
2016.10.12 14:06:22.562,8.81653,8.8175,1.00,1.00
2016.10.12 14:06:22.663,8.81653,8.81778,1.00,1.37
2016.10.12 14:06:22.714,8.81653,8.81778,1.00,1.00
2016.10.12 14:06:28.258,8.81683,8.81778,1.00,1.00
2016.10.12 14:06:30.410,8.81683,8.81797,1.00,1.00
2016.10.12 14:06:31.444,8.81713,8.81797,1.00,1.00
2016.10.12 14:06:31.648,8.81713,8.81826,1.00,1.00
2016.10.12 14:06:33.019,8.81713,8.81811,1.00,1.00
2016.10.12 14:06:33.982,8.81713,8.81828,1.00,1.00
2016.10.12 14:06:37.805,8.81724,8.81828,1.00,1.00
2016.10.12 14:06:38.306,8.81719,8.81828,1.00,1.00
2016.10.12 14:06:38.925,8.81713,8.81828,1.00,1.00
2016.10.12 14:06:39.381,8.81713,8.81873,1.00,1.00
2016.10.12 14:06:39.839,8.81713,8.81873,1.00,1.00
2016.10.12 14:06:40.069,8.81713,8.81873,1.00,1.00
2016.10.12 14:06:40.516,8.81713,8.81888,1.00,1.37
2016.10.12 14:06:40.568,8.81713,8.81888,1.00,1.75
2016.10.12 14:06:41.010,8.81713,8.81872,1.00,1.37
2016.10.12 14:06:41.113,8.81713,8.81888,1.00,1.75
2016.10.12 14:06:41.356,8.81733,8.81888,1.00,1.75
2016.10.12 14:06:43.570,8.81734,8.81836,1.00,1.00
2016.10.12 14:06:46.068,8.81734,8.81813,1.00,1.00
2016.10.12 14:06:46.376,8.81734,8.81833,1.00,1.00
2016.10.12 14:06:46.477,8.81734,8.81833,1.00,1.00
2016.10.12 14:06:50.280,8.81733,8.81833,1.00,1.00
2016.10.12 14:06:50.331,8.81733,8.81862,1.00,1.00
2016.10.12 14:06:50.382,8.81733,8.81862,1.00,1.00
2016.10.12 14:06:51.256,8.81763,8.81862,1.00,1.00
2016.10.12 14:06:52.078,8.81764,8.81862,1.00,1.00
2016.10.12 14:06:52.130,8.81764,8.81889,1.00,1.00
2016.10.12 14:06:52.181,8.81773,8.81889,1.00,1.00
2016.10.12 14:06:52.762,8.81773,8.81915,1.00,1.00
2016.10.12 14:06:52.914,8.81773,8.81915,1.00,1.00
2016.10.12 14:06:53.207,8.81773,8.81915,1.00,1.00
2016.10.12 14:06:53.623,8.81773,8.81915,1.00,1.00
2016.10.12 14:06:54.129,8.81773,8.81915,1.00,1.00
2016.10.12 14:06:54.686,8.81773,8.81915,1.00,1.00
2016.10.12 14:06:54.987,8.81773,8.81915,1.00,1.00
2016.10.12 14:06:56.290,8.81773,8.81915,1.00,1.00
2016.10.12 14:06:56.493,8.81773,8.81915,1.00,1.00
2016.10.12 14:06:56.916,8.81773,8.81915,1.00,1.00
2016.10.12 14:06:56.967,8.81773,8.81901,1.00,1.00
2016.10.12 14:06:58.294,8.81773,8.81881,1.00,1.00
2016.10.12 14:06:58.396,8.81774,8.81881,1.00,1.00
2016.10.12 14:06:58.656,8.81774,8.81859,1.00,1.00
2016.10.12 14:07:00.753,8.81773,8.81904,1.00,1.00
2016.10.12 14:07:01.386,8.81773,8.81889,1.00,1.00
2016.10.12 14:07:02.289,8.81793,8.81889,1.00,1.00
2016.10.12 14:07:08.993,8.81793,8.81907,1.00,1.00
2016.10.12 14:07:11.667,8.81794,8.81907,1.00,1.00
2016.10.12 14:07:11.878,8.81798,8.81907,1.00,1.00
2016.10.12 14:07:12.344,8.81833,8.81907,1.00,1.00
2016.10.12 14:07:13.366,8.81834,8.81907,1.00,1.00
2016.10.12 14:07:15.291,8.81834,8.81927,1.00,1.00
2016.10.12 14:07:16.495,8.81833,8.81927,1.00,1.00
2016.10.12 14:07:22.270,8.81833,8.81901,1.00,1.00
2016.10.12 14:07:22.322,8.81823,8.81901,1.00,1.00
2016.10.12 14:07:23.094,8.81813,8.81901,1.30,1.00
2016.10.12 14:07:23.196,8.81813,8.8187,1.20,1.00
2016.10.12 14:07:24.105,8.8173,8.8187,1.00,1.00
2016.10.12 14:07:24.156,8.8171,8.8187,1.00,1.00
2016.10.12 14:07:24.405,8.81719,8.8187,1.00,1.00
2016.10.12 14:07:24.507,8.81742,8.8187,1.00,1.00
2016.10.12 14:07:24.609,8.81811,8.8187,1.57,1.00
2016.10.12 14:07:24.711,8.81811,8.8187,1.95,1.00
2016.10.12 14:07:25.024,8.81813,8.8187,1.95,1.00
2016.10.12 14:07:25.341,8.81814,8.8187,1.00,1.00
2016.10.12 14:07:25.392,8.81814,8.81884,1.00,1.00
2016.10.12 14:07:25.443,8.81823,8.81884,1.00,1.00
2016.10.12 14:07:26.815,8.81824,8.81884,1.00,1.00
2016.10.12 14:07:27.167,8.81742,8.81847,1.00,1.00
2016.10.12 14:07:27.218,8.81742,8.81847,1.00,1.00
2016.10.12 14:07:27.421,8.81742,8.81876,1.00,1.00
2016.10.12 14:07:27.874,8.81813,8.81876,1.10,1.00
2016.10.12 14:07:29.095,8.81813,8.81908,1.00,1.00
2016.10.12 14:07:29.146,8.81823,8.81908,1.00,1.00
2016.10.12 14:07:31.660,8.81823,8.81929,1.00,1.00
2016.10.12 14:07:32.350,8.81843,8.81955,1.00,1.00
2016.10.12 14:07:32.827,8.81843,8.81939,1.00,1.00
2016.10.12 14:07:36.138,8.81843,8.81954,1.00,1.00
2016.10.12 14:07:38.306,8.81883,8.81984,1.00,1.00
2016.10.12 14:07:40.596,8.81883,8.82003,1.00,1.00
2016.10.12 14:07:45.212,8.81884,8.82003,1.00,1.00
2016.10.12 14:07:45.313,8.81884,8.82024,1.00,1.00
2016.10.12 14:07:45.858,8.81883,8.82024,1.00,1.00
2016.10.12 14:07:47.467,8.81883,8.81999,1.00,1.00
2016.10.12 14:07:48.400,8.81903,8.81999,1.00,1.00
2016.10.12 14:07:48.501,8.81903,8.82023,1.00,1.00
2016.10.12 14:07:52.784,8.81905,8.82047,1.00,1.00
2016.10.12 14:07:52.835,8.81903,8.82047,1.00,1.00
2016.10.12 14:07:52.936,8.81904,8.82047,1.00,1.00
2016.10.12 14:07:53.640,8.81903,8.82047,1.00,1.00
2016.10.12 14:07:53.691,8.81903,8.82047,1.00,1.00
2016.10.12 14:07:54.643,8.81909,8.82047,1.00,1.00
2016.10.12 14:07:55.072,8.81909,8.82047,1.00,1.00
2016.10.12 14:07:55.354,8.81963,8.82047,1.00,1.00
2016.10.12 14:07:55.733,8.81963,8.82069,1.00,1.00
2016.10.12 14:07:56.663,8.81973,8.82069,1.00,1.00
2016.10.12 14:07:56.769,8.81973,8.82096,1.00,1.00
2016.10.12 14:07:57.714,8.81984,8.82122,1.00,1.00
2016.10.12 14:08:00.551,8.81984,8.82122,1.00,1.00
2016.10.12 14:08:01.077,8.81984,8.82113,1.00,1.00
2016.10.12 14:08:01.187,8.81974,8.82113,1.00,1.00
2016.10.12 14:08:01.390,8.81973,8.82082,1.00,1.00
2016.10.12 14:08:03.939,8.81973,8.8206,1.00,1.00
2016.10.12 14:08:06.610,8.81973,8.8208,1.00,1.00
2016.10.12 14:08:06.661,8.81964,8.8208,1.00,1.00
2016.10.12 14:08:08.708,8.81963,8.8208,1.00,1.00
2016.10.12 14:08:16.172,8.81963,8.8208,1.00,1.00
2016.10.12 14:08:16.604,8.81993,8.8208,1.00,1.00
2016.10.12 14:08:17.101,8.81993,8.82103,1.00,1.00
2016.10.12 14:08:17.944,8.81993,8.82103,1.00,1.00
2016.10.12 14:08:19.095,8.81993,8.82103,1.00,1.00
2016.10.12 14:08:20.067,8.81993,8.82103,1.00,1.00
2016.10.12 14:08:20.410,8.81993,8.82133,1.00,1.00
2016.10.12 14:08:20.952,8.82014,8.82133,1.00,1.00
2016.10.12 14:08:21.924,8.82014,8.82133,1.00,1.00
2016.10.12 14:08:23.517,8.82014,8.82133,1.00,1.00
2016.10.12 14:08:23.568,8.81993,8.82133,1.00,1.00
2016.10.12 14:08:23.619,8.81993,8.82133,1.00,1.00
2016.10.12 14:08:23.670,8.81993,8.82133,1.00,1.00
2016.10.12 14:08:23.858,8.81993,8.82133,1.00,1.00
2016.10.12 14:08:25.181,8.81993,8.82133,1.00,1.00
2016.10.12 14:08:26.147,8.81993,8.82133,1.00,1.00
2016.10.12 14:08:26.354,8.81993,8.82133,1.00,1.00
2016.10.12 14:08:26.986,8.82023,8.82133,1.00,1.00
2016.10.12 14:08:28.158,8.82023,8.82133,1.00,1.00
2016.10.12 14:08:28.209,8.82024,8.82133,1.00,1.00
2016.10.12 14:08:29.169,8.82023,8.82133,1.00,1.00
2016.10.12 14:08:29.614,8.82043,8.82162,1.00,1.00
2016.10.12 14:08:32.461,8.82043,8.82148,1.00,1.00
2016.10.12 14:08:39.586,8.82054,8.82148,1.00,1.00
2016.10.12 14:08:40.887,8.82053,8.82148,1.00,1.00
2016.10.12 14:08:42.286,8.82043,8.82148,1.27,1.00
2016.10.12 14:08:42.388,8.82053,8.82127,1.00,1.00
2016.10.12 14:08:42.490,8.82053,8.82142,1.00,1.00
2016.10.12 14:08:42.936,8.82023,8.82142,1.00,1.00
2016.10.12 14:08:42.987,8.82013,8.82142,1.50,1.00
2016.10.12 14:08:43.260,8.82013,8.82127,1.50,1.00
2016.10.12 14:08:43.732,8.82013,8.82127,1.00,1.00
2016.10.12 14:08:44.389,8.82014,8.82127,1.00,1.00
2016.10.12 14:08:44.439,8.82014,8.82127,1.00,1.00
2016.10.12 14:08:45.448,8.82014,8.82127,1.00,1.00
2016.10.12 14:08:46.020,8.82014,8.82127,1.00,1.00
2016.10.12 14:08:46.071,8.82014,8.82127,1.00,1.00
2016.10.12 14:08:46.172,8.82013,8.82098,1.00,1.00
2016.10.12 14:08:46.223,8.82003,8.82098,1.50,1.00
2016.10.12 14:08:46.641,8.82003,8.82074,1.80,1.00
2016.10.12 14:08:48.027,8.82004,8.82074,2.17,1.00
2016.10.12 14:08:49.357,8.82004,8.82087,2.17,1.00
2016.10.12 14:08:49.459,8.82013,8.82087,1.00,1.00
2016.10.12 14:08:49.510,8.82013,8.82111,1.00,1.00
2016.10.12 14:08:49.897,8.82013,8.82111,1.50,1.00
2016.10.12 14:08:50.490,8.82023,8.82111,1.00,1.00
2016.10.12 14:08:50.560,8.82013,8.82111,1.50,1.00
2016.10.12 14:08:50.891,8.82013,8.82111,1.00,1.00
2016.10.12 14:08:51.598,8.82013,8.82111,1.50,1.00
2016.10.12 14:08:53.066,8.82043,8.82111,1.30,1.00
2016.10.12 14:08:53.168,8.82003,8.82111,1.00,1.00
2016.10.12 14:08:54.163,8.82043,8.82111,1.42,1.00
2016.10.12 14:08:54.371,8.82043,8.82111,1.42,1.00
2016.10.12 14:08:54.574,8.82043,8.82111,1.57,1.00
2016.10.12 14:08:54.789,8.82053,8.82111,1.00,1.00
2016.10.12 14:08:54.843,8.82053,8.8213,1.00,1.00
2016.10.12 14:08:57.659,8.82033,8.8213,1.00,1.00
2016.10.12 14:08:57.710,8.82073,8.82153,1.65,1.00
2016.10.12 14:08:58.025,8.82043,8.82153,1.00,1.00
2016.10.12 14:08:59.272,8.82033,8.82153,1.00,1.00
2016.10.12 14:08:59.377,8.82043,8.82153,1.00,1.00
2016.10.12 14:09:00.254,8.82033,8.82153,1.00,1.00
2016.10.12 14:09:00.305,8.82033,8.82132,1.00,1.00
2016.10.12 14:09:00.840,8.82023,8.82132,1.00,1.00
2016.10.12 14:09:01.094,8.82013,8.82132,1.00,1.00
2016.10.12 14:09:01.784,8.82023,8.82132,1.00,1.00
2016.10.12 14:09:02.216,8.82033,8.82132,1.00,1.00
2016.10.12 14:09:02.267,8.82083,8.82132,1.00,1.00
2016.10.12 14:09:02.317,8.82084,8.8216,1.00,1.00
2016.10.12 14:09:02.722,8.82083,8.8216,1.00,1.00
2016.10.12 14:09:02.929,8.82083,8.8216,1.00,1.00
2016.10.12 14:09:02.981,8.82101,8.82219,1.60,1.00
2016.10.12 14:09:03.112,8.82101,8.82239,1.60,1.00
2016.10.12 14:09:03.163,8.82101,8.82264,1.60,1.00
2016.10.12 14:09:03.214,8.82101,8.82327,1.60,1.00
2016.10.12 14:09:03.433,8.8212,8.82327,1.00,1.00
2016.10.12 14:09:03.539,8.8212,8.82347,1.00,1.00
2016.10.12 14:09:04.119,8.8212,8.82332,1.00,1.00
2016.10.12 14:09:04.943,8.8211,8.82332,1.00,1.00
2016.10.12 14:09:05.611,8.82097,8.82332,1.60,1.00
2016.10.12 14:09:05.784,8.82097,8.82332,1.00,1.00
2016.10.12 14:09:05.885,8.82097,8.82332,1.00,1.00
2016.10.12 14:09:06.431,8.82085,8.82312,1.00,1.00
2016.10.12 14:09:06.535,8.82077,8.82312,1.60,1.00
2016.10.12 14:09:08.669,8.82073,8.82295,1.00,1.00
2016.10.12 14:09:08.720,8.82073,8.82268,1.00,1.00
2016.10.12 14:09:09.570,8.82073,8.82268,1.00,1.00
2016.10.12 14:09:10.053,8.82073,8.82268,1.00,1.00
2016.10.12 14:09:10.493,8.82073,8.82268,1.00,1.00
2016.10.12 14:09:11.471,8.82073,8.82268,1.00,1.00
2016.10.12 14:09:11.759,8.82073,8.82249,1.00,1.00
2016.10.12 14:09:12.420,8.82073,8.82249,1.00,1.00
2016.10.12 14:09:12.685,8.82073,8.82249,1.00,1.00
2016.10.12 14:09:12.786,8.82073,8.82249,1.00,1.00
2016.10.12 14:09:12.938,8.82074,8.82228,1.00,1.00
2016.10.12 14:09:13.389,8.82073,8.82223,1.00,1.00
2016.10.12 14:09:13.440,8.82073,8.822,1.00,1.00
2016.10.12 14:09:13.631,8.82074,8.822,1.00,1.00
2016.10.12 14:09:14.294,8.82073,8.822,1.00,1.00
2016.10.12 14:09:14.644,8.82028,8.822,1.00,1.00
2016.10.12 14:09:19.055,8.82028,8.82219,1.00,1.00
2016.10.12 14:09:19.497,8.82028,8.82219,1.00,1.00
2016.10.12 14:09:19.599,8.82038,8.82219,1.00,1.00
2016.10.12 14:09:20.053,8.82054,8.82239,1.00,1.00
2016.10.12 14:09:20.777,8.82053,8.82239,1.00,1.00
2016.10.12 14:09:20.905,8.82053,8.82239,1.00,1.00
2016.10.12 14:09:21.020,8.82053,8.82239,1.00,1.00
2016.10.12 14:09:21.122,8.82053,8.82239,1.00,1.00
2016.10.12 14:09:21.462,8.82053,8.82239,1.00,1.00
2016.10.12 14:09:21.708,8.82053,8.82239,1.00,1.00
2016.10.12 14:09:27.633,8.82057,8.82239,1.00,1.00
2016.10.12 14:09:27.684,8.82061,8.8227,1.00,1.00
2016.10.12 14:09:27.969,8.82103,8.8227,1.00,1.00
2016.10.12 14:09:28.020,8.82117,8.82296,1.00,1.00
2016.10.12 14:09:28.071,8.82133,8.82296,1.50,1.00
2016.10.12 14:09:28.122,8.82133,8.82324,1.50,1.00
2016.10.12 14:09:28.173,8.82133,8.82324,1.00,1.00
2016.10.12 14:09:28.224,8.8215,8.82324,1.00,1.00
2016.10.12 14:09:28.426,8.8215,8.82324,1.00,1.00
2016.10.12 14:09:29.307,8.8215,8.82341,1.00,1.00
2016.10.12 14:09:30.932,8.82197,8.82391,1.00,1.00
2016.10.12 14:09:31.076,8.82197,8.82391,1.00,1.00
2016.10.12 14:09:31.279,8.82191,8.82391,1.00,1.00
2016.10.12 14:09:32.430,8.82182,8.82391,1.00,1.00
2016.10.12 14:09:33.538,8.8217,8.82391,1.00,1.00
2016.10.12 14:09:34.290,8.8217,8.82372,1.00,1.00
2016.10.12 14:09:34.588,8.82164,8.82372,1.00,1.00
2016.10.12 14:09:34.750,8.82164,8.8239,1.00,1.00
2016.10.12 14:09:35.020,8.8218,8.8239,1.00,1.00
2016.10.12 14:09:35.121,8.82191,8.82421,1.00,1.00
2016.10.12 14:09:35.182,8.82191,8.82421,1.00,1.00
2016.10.12 14:09:35.884,8.82191,8.82421,1.00,1.00
2016.10.12 14:09:36.001,8.82191,8.82421,1.00,1.00
2016.10.12 14:09:36.366,8.82171,8.82406,1.00,1.00
2016.10.12 14:09:38.105,8.82171,8.82406,1.00,1.00
2016.10.12 14:09:40.108,8.82171,8.82406,1.00,1.00
2016.10.12 14:09:40.340,8.82143,8.82378,1.87,1.00
2016.10.12 14:09:40.442,8.82153,8.82369,1.00,1.00
2016.10.12 14:09:40.744,8.82153,8.82369,1.00,1.00
2016.10.12 14:09:41.130,8.82153,8.82369,1.00,1.00
2016.10.12 14:09:43.899,8.82153,8.82355,1.00,1.00
2016.10.12 14:09:43.950,8.82144,8.82337,1.00,1.00
2016.10.12 14:09:44.051,8.82143,8.82337,1.00,1.00
2016.10.12 14:09:44.322,8.82143,8.82337,1.00,1.00
2016.10.12 14:09:44.823,8.82143,8.82337,1.00,1.00
2016.10.12 14:09:45.079,8.82143,8.82337,1.00,1.00
2016.10.12 14:09:45.622,8.82143,8.82337,1.00,1.00
2016.10.12 14:09:45.883,8.82143,8.82337,1.00,1.00
2016.10.12 14:09:46.242,8.82143,8.82337,1.00,1.00
2016.10.12 14:09:48.630,8.82143,8.82337,1.00,1.00
2016.10.12 14:09:48.732,8.82151,8.82337,1.00,1.00
2016.10.12 14:09:49.092,8.8216,8.82368,1.00,1.00
2016.10.12 14:09:49.272,8.82174,8.82368,1.00,1.00
2016.10.12 14:09:49.537,8.82174,8.82368,1.00,1.00
2016.10.12 14:09:49.744,8.82174,8.82368,1.00,1.00
2016.10.12 14:09:50.533,8.82173,8.82368,2.25,1.00
2016.10.12 14:09:50.586,8.82173,8.82368,1.50,1.00
2016.10.12 14:09:51.176,8.82183,8.82368,1.00,1.00
2016.10.12 14:09:52.426,8.82185,8.82396,1.00,1.00
2016.10.12 14:09:52.479,8.82195,8.82396,1.00,1.00
2016.10.12 14:09:54.429,8.82214,8.82396,1.00,1.00
2016.10.12 14:09:54.823,8.82236,8.82396,1.00,1.00
2016.10.12 14:09:55.538,8.82223,8.82442,1.00,1.00
2016.10.12 14:09:56.658,8.82223,8.82442,1.00,1.00
2016.10.12 14:09:57.083,8.82223,8.82442,1.00,1.60
2016.10.12 14:09:57.185,8.82223,8.82395,1.00,1.00
2016.10.12 14:09:57.606,8.82223,8.82395,1.00,1.00
2016.10.12 14:09:57.804,8.82223,8.82395,1.00,1.00
2016.10.12 14:09:58.332,8.82223,8.82395,1.00,1.50
2016.10.12 14:09:58.463,8.82223,8.82395,1.00,1.50
2016.10.12 14:09:58.579,8.82223,8.82395,1.00,1.50
2016.10.12 14:10:00.686,8.82223,8.82395,1.00,1.50
2016.10.12 14:10:01.096,8.82224,8.82395,1.00,1.00
2016.10.12 14:10:01.400,8.82224,8.82377,1.00,1.00
2016.10.12 14:10:01.933,8.82223,8.82377,1.00,1.00
2016.10.12 14:10:02.831,8.82223,8.82377,1.00,1.00
2016.10.12 14:10:02.882,8.82223,8.82377,1.00,1.00
2016.10.12 14:10:02.982,8.82223,8.82377,1.00,1.00
2016.10.12 14:10:04.612,8.82223,8.82382,1.00,1.00
2016.10.12 14:10:04.874,8.82203,8.82382,1.00,1.00
2016.10.12 14:10:05.031,8.82203,8.82397,1.00,1.00
2016.10.12 14:10:11.297,8.82203,8.82397,1.00,1.00
2016.10.12 14:10:11.399,8.82203,8.82397,1.00,1.00
2016.10.12 14:10:13.514,8.8222,8.82397,1.00,1.00
2016.10.12 14:10:13.717,8.8222,8.82423,1.00,1.00
2016.10.12 14:10:14.915,8.82243,8.82423,1.00,1.00
2016.10.12 14:10:16.322,8.82243,8.82404,1.00,1.00
2016.10.12 14:10:17.032,8.82243,8.82405,1.00,1.00
2016.10.12 14:10:17.304,8.82243,8.82423,1.00,1.00
2016.10.12 14:10:17.828,8.82243,8.82423,1.00,1.00
2016.10.12 14:10:18.067,8.82243,8.82423,1.00,1.60
2016.10.12 14:10:18.118,8.82243,8.82404,1.00,1.00
2016.10.12 14:10:18.363,8.82243,8.82377,1.00,1.00
2016.10.12 14:10:20.580,8.82244,8.82377,1.00,1.00
2016.10.12 14:10:22.461,8.82244,8.82368,1.00,1.00
2016.10.12 14:10:22.926,8.82244,8.82357,1.00,1.00
2016.10.12 14:10:23.715,8.82244,8.82372,1.00,1.00
2016.10.12 14:10:24.884,8.82213,8.82372,1.00,1.00
2016.10.12 14:10:27.542,8.82213,8.82363,1.00,1.00
2016.10.12 14:10:28.522,8.82213,8.8236,1.00,1.00
2016.10.12 14:10:31.727,8.82213,8.82393,1.00,1.00
2016.10.12 14:10:32.156,8.82213,8.82427,1.00,1.60
2016.10.12 14:10:32.527,8.82213,8.8242,1.00,1.60
2016.10.12 14:10:33.078,8.82213,8.82349,1.00,1.00
2016.10.12 14:10:34.907,8.82173,8.82349,1.00,1.00
2016.10.12 14:10:35.732,8.82177,8.82388,1.50,1.00
2016.10.12 14:10:37.563,8.82177,8.82388,1.00,1.00
2016.10.12 14:10:38.272,8.82177,8.82375,1.00,1.00
2016.10.12 14:10:38.375,8.82177,8.82375,1.00,1.00
2016.10.12 14:10:39.364,8.82177,8.82375,1.00,1.00
2016.10.12 14:10:39.415,8.82177,8.82375,1.00,1.00
2016.10.12 14:10:39.989,8.82177,8.82375,1.00,1.00
2016.10.12 14:10:40.695,8.82177,8.82375,1.00,1.00
2016.10.12 14:10:40.796,8.82177,8.82375,1.00,1.00
2016.10.12 14:10:43.107,8.82177,8.82375,1.00,1.00
2016.10.12 14:10:43.677,8.82177,8.82335,1.00,1.00
2016.10.12 14:10:43.829,8.82177,8.82335,1.00,1.00
2016.10.12 14:10:43.880,8.82173,8.82319,1.00,1.00
2016.10.12 14:10:44.122,8.82173,8.82335,1.00,1.00
2016.10.12 14:10:44.631,8.82174,8.82335,1.00,1.00
2016.10.12 14:10:44.837,8.82153,8.82335,1.00,1.00
2016.10.12 14:10:45.272,8.82153,8.82306,1.00,1.00
2016.10.12 14:10:45.323,8.82153,8.82306,1.00,1.00
2016.10.12 14:10:46.400,8.82153,8.8232,1.00,1.00
2016.10.12 14:10:47.797,8.82153,8.82303,1.00,1.00
2016.10.12 14:10:48.860,8.82137,8.82303,1.00,1.00
2016.10.12 14:10:48.911,8.82137,8.82303,1.00,1.00
2016.10.12 14:10:49.276,8.82137,8.82297,1.00,1.00
2016.10.12 14:10:49.954,8.82103,8.82297,1.00,1.00
2016.10.12 14:10:51.704,8.82103,8.82297,1.00,1.00
2016.10.12 14:10:51.956,8.82103,8.82297,1.00,1.00
2016.10.12 14:10:52.943,8.82103,8.82312,1.00,1.60
2016.10.12 14:10:56.706,8.82103,8.82312,1.00,1.60
2016.10.12 14:10:56.757,8.82103,8.82312,1.00,1.00
2016.10.12 14:10:56.808,8.82103,8.82296,1.00,1.00
2016.10.12 14:10:56.858,8.82103,8.82296,1.00,1.60
2016.10.12 14:10:56.909,8.82103,8.82296,1.00,1.00
2016.10.12 14:10:56.960,8.82103,8.82296,1.00,1.00
2016.10.12 14:10:58.898,8.82103,8.82264,1.00,1.00
2016.10.12 14:10:58.949,8.82096,8.82264,1.00,1.00
2016.10.12 14:11:00.576,8.82063,8.82291,1.00,1.00
2016.10.12 14:11:01.572,8.82063,8.82291,1.00,1.00
2016.10.12 14:11:03.039,8.82063,8.82291,1.00,1.00
2016.10.12 14:11:03.140,8.82063,8.82291,1.00,1.00
2016.10.12 14:11:03.480,8.82098,8.82267,1.00,1.00
2016.10.12 14:11:09.260,8.82098,8.82267,1.00,1.00
2016.10.12 14:11:10.593,8.82092,8.82292,1.00,1.00
2016.10.12 14:11:11.199,8.82098,8.82292,1.00,1.00
2016.10.12 14:11:11.402,8.82098,8.82292,1.00,1.00
2016.10.12 14:11:11.453,8.82112,8.82316,1.00,1.00
2016.10.12 14:11:11.760,8.82112,8.82316,1.00,1.00
2016.10.12 14:11:11.963,8.82112,8.82316,1.00,1.00
2016.10.12 14:11:12.013,8.82112,8.82323,1.00,1.00
2016.10.12 14:11:12.064,8.82134,8.82323,1.00,1.00
2016.10.12 14:11:12.358,8.82144,8.8234,1.00,1.00
2016.10.12 14:11:13.313,8.82144,8.82355,1.00,1.00
2016.10.12 14:11:13.419,8.82144,8.82355,1.00,1.00
2016.10.12 14:11:13.470,8.82155,8.82355,1.00,1.00
2016.10.12 14:11:13.724,8.82155,8.82355,1.00,1.00
2016.10.12 14:11:13.979,8.82155,8.8236,1.00,1.00
2016.10.12 14:11:16.021,8.82155,8.82407,1.00,1.35
2016.10.12 14:11:16.751,8.82153,8.82394,1.00,1.00
2016.10.12 14:11:17.232,8.82136,8.82349,1.00,1.00
2016.10.12 14:11:17.296,8.82151,8.82336,1.00,1.00
2016.10.12 14:11:17.639,8.8214,8.82325,1.00,1.00
2016.10.12 14:11:18.210,8.82146,8.82326,1.00,1.00
2016.10.12 14:11:19.932,8.82136,8.82326,1.00,1.00
2016.10.12 14:11:20.114,8.82133,8.82332,1.00,1.35
2016.10.12 14:11:20.786,8.82123,8.82309,1.00,1.00
2016.10.12 14:11:22.364,8.82124,8.82309,1.00,1.00
2016.10.12 14:11:22.569,8.82123,8.82261,1.00,1.35
2016.10.12 14:11:22.620,8.82123,8.82261,1.00,1.00
2016.10.12 14:11:22.671,8.82073,8.8224,1.00,1.00
2016.10.12 14:11:22.984,8.82073,8.82238,1.00,1.00
2016.10.12 14:11:23.909,8.82073,8.82256,1.00,1.00
2016.10.12 14:11:25.315,8.82073,8.82256,1.00,1.00
2016.10.12 14:11:25.566,8.82073,8.8228,1.00,1.00
2016.10.12 14:11:25.618,8.82073,8.8228,1.00,1.00
2016.10.12 14:11:25.722,8.82073,8.8228,1.00,1.00
2016.10.12 14:11:25.829,8.82073,8.8228,1.00,1.00
2016.10.12 14:11:26.318,8.82073,8.8226,1.00,1.00
2016.10.12 14:11:26.369,8.82073,8.8226,1.00,1.00
2016.10.12 14:11:26.981,8.82073,8.8224,1.00,1.00
2016.10.12 14:11:27.033,8.82073,8.8224,1.00,1.00
2016.10.12 14:11:27.137,8.82073,8.8224,1.00,1.00
2016.10.12 14:11:27.240,8.82073,8.82253,1.00,1.00
2016.10.12 14:11:27.365,8.82073,8.82278,1.00,1.00
2016.10.12 14:11:27.626,8.82073,8.82278,1.00,1.00
2016.10.12 14:11:27.677,8.8209,8.8226,1.00,1.00
2016.10.12 14:11:27.728,8.8209,8.8226,1.00,1.00
2016.10.12 14:11:28.058,8.8209,8.8226,1.00,1.00
2016.10.12 14:11:28.698,8.82073,8.82278,1.00,1.00
2016.10.12 14:11:28.799,8.82096,8.82278,1.00,1.00
2016.10.12 14:11:28.951,8.82099,8.8227,1.00,1.00
2016.10.12 14:11:29.982,8.82106,8.8227,1.00,1.00
2016.10.12 14:11:30.033,8.82106,8.8227,1.00,1.00
2016.10.12 14:11:30.185,8.82128,8.82291,1.00,1.00
2016.10.12 14:11:30.236,8.82128,8.82291,1.00,1.00
2016.10.12 14:11:30.287,8.82124,8.82291,1.00,1.00
2016.10.12 14:11:30.551,8.82124,8.82291,1.00,1.00
2016.10.12 14:11:30.659,8.82156,8.82307,1.00,1.00
2016.10.12 14:11:30.812,8.82156,8.82307,1.00,1.00
2016.10.12 14:11:31.071,8.82156,8.82307,1.00,1.00
2016.10.12 14:11:31.405,8.82103,8.82307,1.00,1.00
2016.10.12 14:11:31.663,8.82103,8.82307,1.00,1.00
2016.10.12 14:11:31.714,8.82107,8.82307,1.00,1.00
2016.10.12 14:11:31.766,8.82107,8.82307,1.00,1.00
2016.10.12 14:11:31.867,8.82113,8.82307,1.00,1.00
2016.10.12 14:11:32.163,8.82129,8.82307,1.00,1.00
2016.10.12 14:11:32.306,8.82129,8.82327,1.00,1.00
2016.10.12 14:11:32.441,8.82129,8.82359,1.00,1.60
2016.10.12 14:11:32.492,8.82129,8.82354,1.00,1.00
2016.10.12 14:11:32.549,8.82143,8.82354,1.00,1.00
2016.10.12 14:11:33.043,8.82143,8.82337,1.00,1.00
2016.10.12 14:11:34.874,8.82143,8.82297,1.00,1.00
2016.10.12 14:11:35.119,8.82143,8.82313,1.00,1.00
2016.10.12 14:11:35.634,8.82143,8.82332,1.00,1.00
2016.10.12 14:11:36.831,8.82143,8.82328,1.00,1.00
2016.10.12 14:11:37.072,8.82144,8.82309,1.00,1.50
2016.10.12 14:11:37.174,8.82144,8.82286,1.00,1.00
2016.10.12 14:11:37.675,8.82143,8.82286,1.00,1.00
2016.10.12 14:11:39.577,8.82143,8.82286,1.00,1.00
2016.10.12 14:11:39.678,8.82143,8.82286,1.00,1.00
2016.10.12 14:11:40.083,8.82093,8.82286,1.50,1.00
2016.10.12 14:11:40.185,8.82093,8.82286,1.00,1.50
2016.10.12 14:11:40.287,8.82093,8.82286,1.00,1.50
2016.10.12 14:11:40.389,8.82093,8.82286,1.00,1.00
2016.10.12 14:11:40.454,8.82093,8.82286,1.00,1.00
2016.10.12 14:11:40.956,8.82093,8.82286,1.00,1.00
2016.10.12 14:11:41.167,8.82093,8.82286,1.00,1.00
2016.10.12 14:11:41.660,8.82093,8.82286,1.00,1.00
2016.10.12 14:11:42.069,8.82093,8.82286,1.00,1.00
2016.10.12 14:11:42.358,8.82093,8.82286,1.00,1.00
2016.10.12 14:11:42.813,8.82093,8.8227,1.00,1.00
2016.10.12 14:11:44.276,8.82093,8.8227,1.00,1.00
2016.10.12 14:11:44.484,8.82093,8.8227,1.00,1.00
2016.10.12 14:11:45.381,8.82093,8.82258,1.00,1.00
2016.10.12 14:11:45.432,8.82062,8.82248,1.00,1.00
2016.10.12 14:11:45.483,8.82062,8.82225,1.00,1.00
2016.10.12 14:11:46.220,8.82062,8.82225,1.00,1.00
2016.10.12 14:11:46.322,8.82062,8.82203,1.00,1.00
2016.10.12 14:11:46.373,8.82062,8.82203,1.00,1.00
2016.10.12 14:11:46.577,8.82062,8.82169,1.00,1.00
2016.10.12 14:11:46.870,8.82062,8.82169,1.00,1.00
2016.10.12 14:11:46.924,8.82043,8.82169,1.00,1.00
2016.10.12 14:11:47.321,8.82033,8.82169,1.95,1.00
2016.10.12 14:11:48.042,8.82043,8.82169,1.00,1.00
2016.10.12 14:11:48.092,8.82043,8.82176,1.00,1.00
2016.10.12 14:11:48.245,8.82043,8.82176,1.00,1.00
2016.10.12 14:11:48.503,8.82043,8.82189,1.00,1.00
2016.10.12 14:11:48.605,8.82043,8.82189,1.00,1.00
2016.10.12 14:11:48.909,8.82043,8.82189,1.00,1.00
2016.10.12 14:11:49.112,8.82043,8.82189,1.00,1.00
2016.10.12 14:11:51.182,8.82043,8.82189,1.00,1.00
2016.10.12 14:11:51.721,8.82043,8.82189,1.00,1.00
2016.10.12 14:11:52.674,8.82044,8.82189,1.00,1.00
2016.10.12 14:11:52.725,8.82044,8.82189,1.00,1.00
2016.10.12 14:11:52.826,8.82043,8.82189,1.00,1.00
2016.10.12 14:11:53.320,8.82043,8.8223,1.00,1.00
2016.10.12 14:11:54.076,8.82043,8.82218,1.00,1.00
2016.10.12 14:11:54.293,8.82043,8.82218,1.00,1.00
2016.10.12 14:11:55.391,8.82073,8.82218,1.00,1.00
2016.10.12 14:11:55.847,8.82073,8.8223,1.00,1.00
2016.10.12 14:11:59.654,8.82073,8.82212,1.00,1.00
2016.10.12 14:12:00.204,8.82073,8.82213,1.00,1.00
2016.10.12 14:12:01.662,8.82073,8.82217,1.00,1.00
2016.10.12 14:12:02.983,8.82073,8.82215,1.00,1.00
2016.10.12 14:12:03.420,8.82073,8.82228,1.00,1.00
2016.10.12 14:12:03.576,8.82073,8.8223,1.00,1.00
2016.10.12 14:12:03.678,8.82073,8.82237,1.00,1.00
2016.10.12 14:12:04.125,8.82073,8.82237,1.00,1.00
2016.10.12 14:12:04.198,8.82073,8.82237,1.00,1.00
2016.10.12 14:12:05.344,8.82113,8.82237,1.00,1.00
2016.10.12 14:12:05.446,8.82113,8.82239,1.00,1.00
2016.10.12 14:12:06.302,8.82113,8.82243,1.00,1.00
2016.10.12 14:12:06.404,8.82114,8.8226,1.00,1.00
2016.10.12 14:12:06.817,8.82114,8.82275,1.00,1.00
2016.10.12 14:12:06.869,8.82113,8.82275,1.00,1.00
2016.10.12 14:12:07.445,8.82113,8.82275,1.00,1.00
2016.10.12 14:12:07.496,8.82113,8.82275,1.00,1.00
2016.10.12 14:12:07.652,8.82113,8.82275,1.00,1.00
2016.10.12 14:12:07.858,8.82113,8.82275,1.00,1.00
2016.10.12 14:12:08.230,8.82113,8.82275,1.00,1.00
2016.10.12 14:12:08.291,8.82113,8.82275,1.00,1.00
2016.10.12 14:12:08.393,8.82113,8.82275,1.00,1.00
2016.10.12 14:12:08.445,8.82132,8.82275,1.00,1.00
2016.10.12 14:12:08.497,8.82132,8.82275,1.00,1.00
2016.10.12 14:12:08.706,8.82134,8.82275,1.00,1.00
2016.10.12 14:12:08.757,8.82134,8.82275,1.00,1.00
2016.10.12 14:12:09.156,8.82133,8.82275,1.00,1.00
2016.10.12 14:12:09.489,8.82133,8.8236,1.00,1.00
2016.10.12 14:12:09.997,8.82133,8.8236,1.00,1.00
2016.10.12 14:12:10.158,8.82133,8.8236,1.00,1.00
2016.10.12 14:12:10.501,8.82133,8.8236,1.00,1.00
2016.10.12 14:12:10.610,8.82133,8.8236,1.00,1.00
2016.10.12 14:12:10.881,8.82133,8.82342,1.00,1.35
2016.10.12 14:12:10.932,8.82133,8.82327,1.00,1.60
2016.10.12 14:12:10.983,8.82133,8.82327,1.00,1.60
2016.10.12 14:12:11.034,8.82133,8.82304,1.00,1.00
2016.10.12 14:12:11.085,8.82133,8.82304,1.00,1.00
2016.10.12 14:12:13.283,8.82133,8.82304,1.00,1.00
2016.10.12 14:12:13.385,8.82133,8.82295,1.00,1.60
2016.10.12 14:12:13.437,8.82073,8.82261,1.00,1.00
2016.10.12 14:12:13.488,8.82073,8.82261,1.00,1.00
2016.10.12 14:12:13.869,8.82074,8.82253,1.00,1.00
2016.10.12 14:12:14.233,8.82073,8.82233,1.00,1.00
2016.10.12 14:12:14.386,8.82073,8.82233,1.00,1.00
2016.10.12 14:12:14.614,8.82073,8.82279,1.00,2.10
2016.10.12 14:12:15.688,8.82073,8.82279,1.00,2.10
2016.10.12 14:12:16.085,8.82073,8.82279,1.00,2.10
2016.10.12 14:12:16.186,8.82073,8.82279,1.00,2.10
2016.10.12 14:12:16.989,8.82073,8.82279,1.00,2.10
2016.10.12 14:12:17.187,8.82073,8.82279,1.00,2.10
2016.10.12 14:12:17.686,8.82073,8.82279,1.00,1.50
2016.10.12 14:12:17.831,8.82073,8.82279,1.00,1.50
2016.10.12 14:12:22.791,8.82073,8.82279,1.00,1.50
2016.10.12 14:12:22.841,8.82074,8.82279,1.00,1.50
2016.10.12 14:12:23.350,8.82068,8.82279,1.00,1.50
2016.10.12 14:12:23.502,8.82068,8.82279,1.00,2.10
2016.10.12 14:12:24.194,8.82068,8.82279,1.00,1.50
2016.10.12 14:12:24.245,8.82068,8.82279,1.00,1.50
2016.10.12 14:12:24.296,8.82068,8.82279,1.00,2.50
2016.10.12 14:12:24.398,8.82068,8.82279,1.00,3.10
2016.10.12 14:12:24.448,8.82068,8.82279,1.00,3.10
2016.10.12 14:12:24.499,8.82068,8.82249,1.00,1.00
2016.10.12 14:12:24.550,8.82068,8.82266,1.00,1.00
2016.10.12 14:12:24.765,8.82068,8.82279,1.00,1.00
2016.10.12 14:12:24.816,8.82068,8.82279,1.00,1.00
2016.10.12 14:12:24.918,8.82068,8.82279,1.00,1.00
2016.10.12 14:12:24.969,8.82109,8.82297,1.00,1.00
2016.10.12 14:12:25.020,8.82109,8.82297,1.00,1.00
2016.10.12 14:12:25.122,8.82109,8.82297,1.00,1.00
2016.10.12 14:12:25.650,8.82109,8.82297,1.00,1.00
2016.10.12 14:12:25.752,8.82109,8.82318,1.00,1.00
2016.10.12 14:12:25.853,8.82109,8.82318,1.00,1.00
2016.10.12 14:12:25.904,8.82109,8.82302,1.00,1.00
2016.10.12 14:12:26.056,8.82109,8.82279,1.00,1.00
2016.10.12 14:12:26.502,8.82063,8.82279,1.00,1.00
2016.10.12 14:12:26.552,8.82063,8.82255,1.00,1.00
2016.10.12 14:12:27.111,8.82063,8.82255,1.00,1.35
2016.10.12 14:12:27.341,8.82063,8.82255,1.00,1.35
2016.10.12 14:12:27.393,8.82063,8.8222,1.00,1.00
2016.10.12 14:12:28.374,8.82063,8.82201,1.00,1.00
2016.10.12 14:12:28.774,8.82063,8.82189,1.00,1.00
2016.10.12 14:12:29.122,8.82063,8.82186,1.00,1.00
2016.10.12 14:12:31.161,8.82063,8.82185,1.00,1.00
2016.10.12 14:12:31.528,8.82063,8.82196,1.00,1.00
2016.10.12 14:12:31.579,8.82063,8.82196,1.00,1.00
2016.10.12 14:12:33.856,8.82063,8.82208,1.00,1.00
2016.10.12 14:12:34.736,8.82073,8.82208,1.00,1.00
2016.10.12 14:12:34.787,8.82073,8.82208,1.00,1.00
2016.10.12 14:12:34.837,8.82073,8.82226,1.00,1.00
2016.10.12 14:12:35.733,8.82073,8.82211,1.00,1.00
2016.10.12 14:12:36.040,8.82073,8.82211,1.00,1.00
2016.10.12 14:12:37.939,8.82073,8.82226,1.00,1.00
2016.10.12 14:12:39.229,8.82073,8.82251,1.00,1.60
2016.10.12 14:12:39.281,8.82073,8.82251,1.00,1.00
2016.10.12 14:12:39.382,8.82073,8.82253,1.00,1.00
2016.10.12 14:12:39.558,8.82073,8.82253,1.00,1.00
2016.10.12 14:12:40.313,8.82073,8.82253,1.00,1.00
2016.10.12 14:12:40.460,8.82093,8.82253,1.00,1.00
2016.10.12 14:12:40.562,8.82093,8.82268,1.00,1.00
2016.10.12 14:12:41.119,8.82094,8.82268,1.00,1.00
2016.10.12 14:12:41.525,8.82093,8.82295,1.00,1.00
2016.10.12 14:12:41.792,8.82137,8.8232,1.00,1.00
2016.10.12 14:12:42.486,8.82137,8.82323,1.00,1.00
2016.10.12 14:12:43.311,8.82113,8.82297,1.00,1.00
2016.10.12 14:12:43.400,8.82113,8.82267,1.00,1.00
2016.10.12 14:12:44.321,8.82114,8.82267,1.00,1.00
2016.10.12 14:12:44.913,8.82113,8.82267,1.00,1.00
2016.10.12 14:12:48.132,8.82114,8.82267,1.00,1.00
2016.10.12 14:12:49.239,8.82113,8.82267,1.00,1.00
2016.10.12 14:12:51.649,8.82083,8.82267,1.00,1.00
2016.10.12 14:12:53.041,8.82083,8.82256,1.00,1.00
2016.10.12 14:12:53.539,8.82083,8.82241,1.00,1.00
2016.10.12 14:12:54.439,8.82083,8.82217,1.00,1.00
2016.10.12 14:13:00.899,8.82083,8.82217,1.00,1.00
2016.10.12 14:13:00.950,8.82083,8.82238,1.00,1.00
2016.10.12 14:13:01.476,8.82084,8.82238,1.00,1.00
2016.10.12 14:13:01.527,8.82084,8.82238,1.00,1.00
2016.10.12 14:13:01.629,8.82084,8.82238,1.00,1.00
2016.10.12 14:13:01.685,8.82074,8.82238,1.00,1.00
2016.10.12 14:13:02.108,8.82074,8.82238,1.00,1.00
2016.10.12 14:13:02.596,8.82074,8.82262,1.00,1.00
2016.10.12 14:13:04.729,8.82074,8.82243,1.00,1.00
2016.10.12 14:13:06.141,8.82074,8.82243,1.00,1.00
2016.10.12 14:13:06.210,8.82103,8.8228,1.00,1.00
2016.10.12 14:13:07.728,8.82103,8.8228,1.00,1.00
2016.10.12 14:13:07.779,8.82103,8.8228,1.00,1.00
2016.10.12 14:13:07.881,8.82103,8.8228,1.00,1.00
2016.10.12 14:13:07.982,8.8207,8.8228,1.00,1.00
2016.10.12 14:13:08.033,8.8207,8.8228,1.00,1.50
2016.10.12 14:13:08.390,8.8207,8.8228,1.00,1.50
2016.10.12 14:13:08.640,8.8207,8.8228,1.00,1.50
2016.10.12 14:13:09.225,8.8207,8.82236,1.00,1.00
2016.10.12 14:13:09.462,8.8207,8.82236,1.00,1.00
2016.10.12 14:13:09.614,8.8207,8.8228,1.00,1.00
2016.10.12 14:13:09.744,8.8207,8.8228,1.00,1.00
2016.10.12 14:13:10.013,8.8207,8.8228,1.00,1.00
2016.10.12 14:13:10.244,8.8207,8.8228,1.00,1.00
2016.10.12 14:13:10.448,8.82089,8.82256,1.00,1.00
2016.10.12 14:13:11.063,8.8207,8.8228,1.00,1.00
2016.10.12 14:13:11.293,8.8207,8.8228,1.00,1.00
2016.10.12 14:13:11.344,8.82091,8.8226,1.00,1.00
2016.10.12 14:13:11.613,8.82091,8.8226,1.00,1.00
2016.10.12 14:13:11.952,8.82083,8.8228,1.00,1.00
2016.10.12 14:13:12.782,8.82083,8.82263,1.00,1.00
2016.10.12 14:13:13.061,8.82083,8.82263,1.00,1.00
2016.10.12 14:13:13.744,8.82083,8.82281,1.00,1.00
2016.10.12 14:13:14.753,8.82083,8.82281,1.00,1.00
2016.10.12 14:13:14.905,8.82083,8.82281,1.00,1.00
2016.10.12 14:13:15.007,8.82083,8.82281,1.00,1.00
2016.10.12 14:13:15.058,8.82083,8.82281,1.00,1.00
2016.10.12 14:13:15.109,8.82111,8.82291,1.00,1.00
2016.10.12 14:13:15.169,8.82111,8.82291,1.00,1.00
2016.10.12 14:13:15.770,8.82111,8.82291,1.00,1.00
2016.10.12 14:13:16.113,8.82111,8.8227,1.00,1.00
2016.10.12 14:13:16.371,8.82084,8.8227,1.00,1.00
2016.10.12 14:13:16.575,8.82099,8.8227,1.00,1.00
2016.10.12 14:13:16.677,8.82099,8.8227,1.00,1.00
2016.10.12 14:13:17.088,8.82083,8.8227,1.00,1.00
2016.10.12 14:13:17.139,8.82083,8.82239,1.00,1.00
2016.10.12 14:13:17.444,8.82083,8.82255,1.00,1.00
2016.10.12 14:13:17.697,8.82083,8.82255,1.00,1.00
2016.10.12 14:13:18.020,8.82083,8.82255,1.00,1.00
2016.10.12 14:13:18.122,8.82083,8.82255,1.00,1.60
2016.10.12 14:13:18.173,8.82083,8.82255,1.00,1.00
2016.10.12 14:13:18.298,8.82083,8.82255,1.00,1.60
2016.10.12 14:13:18.946,8.82083,8.82253,1.00,1.35
2016.10.12 14:13:19.282,8.82083,8.82253,1.00,1.60
2016.10.12 14:13:19.384,8.82083,8.82253,1.00,1.00
2016.10.12 14:13:19.485,8.82083,8.82255,1.00,1.00
2016.10.12 14:13:19.536,8.82083,8.82216,1.00,1.00
2016.10.12 14:13:20.492,8.82083,8.82255,1.00,1.60
2016.10.12 14:13:20.783,8.82059,8.82255,1.00,1.60
2016.10.12 14:13:20.834,8.82059,8.82226,1.00,1.00
2016.10.12 14:13:20.886,8.82059,8.82206,1.00,1.00
2016.10.12 14:13:20.937,8.82059,8.82206,1.00,1.00
2016.10.12 14:13:20.988,8.82033,8.82206,1.00,1.00
2016.10.12 14:13:21.038,8.82033,8.82206,1.00,1.00
2016.10.12 14:13:21.258,8.82033,8.82206,1.00,1.35
2016.10.12 14:13:21.533,8.82033,8.82198,1.00,1.00
2016.10.12 14:13:21.787,8.82033,8.82198,1.00,1.60
2016.10.12 14:13:21.838,8.82033,8.82175,1.00,1.00
2016.10.12 14:13:21.888,8.81983,8.82175,1.00,1.00
2016.10.12 14:13:21.939,8.81983,8.82175,1.00,1.00
2016.10.12 14:13:22.041,8.81983,8.82175,1.00,1.00
2016.10.12 14:13:22.142,8.81983,8.82175,1.00,1.60
2016.10.12 14:13:22.383,8.81933,8.8215,1.00,1.00
2016.10.12 14:13:22.451,8.81933,8.82116,1.00,1.00
2016.10.12 14:13:22.502,8.81933,8.82116,1.00,1.00
2016.10.12 14:13:23.012,8.81933,8.8211,1.00,1.00
2016.10.12 14:13:23.324,8.81933,8.82101,1.00,1.00
2016.10.12 14:13:24.801,8.81933,8.82101,1.00,1.60
2016.10.12 14:13:24.851,8.81933,8.82097,1.00,1.00
2016.10.12 14:13:24.903,8.81883,8.82097,1.00,1.00
2016.10.12 14:13:25.055,8.81883,8.82076,1.00,1.00
2016.10.12 14:13:25.557,8.81883,8.82061,1.00,1.50
2016.10.12 14:13:26.547,8.81833,8.82016,1.00,1.50
2016.10.12 14:13:26.649,8.81833,8.82016,1.00,1.00
2016.10.12 14:13:26.700,8.81834,8.82041,1.00,1.00
2016.10.12 14:13:26.801,8.81833,8.82041,1.00,1.00
2016.10.12 14:13:26.852,8.81833,8.82052,1.00,1.00
2016.10.12 14:13:26.953,8.81833,8.82052,1.00,1.00
2016.10.12 14:13:27.216,8.81833,8.82052,1.00,1.00
2016.10.12 14:13:27.318,8.81833,8.82052,1.00,1.00
2016.10.12 14:13:27.450,8.81833,8.82052,1.00,1.00
2016.10.12 14:13:27.601,8.81856,8.82052,1.00,1.00
2016.10.12 14:13:27.652,8.81876,8.82052,1.00,1.00
2016.10.12 14:13:27.703,8.81876,8.82059,1.00,1.60
2016.10.12 14:13:30.901,8.81876,8.82059,1.00,1.00
2016.10.12 14:13:30.952,8.81876,8.82061,1.00,1.00
2016.10.12 14:13:31.394,8.81856,8.82045,1.00,1.00
2016.10.12 14:13:31.445,8.81844,8.82045,1.00,1.00
2016.10.12 14:13:31.547,8.81844,8.82055,1.00,1.50
2016.10.12 14:13:31.655,8.81844,8.82055,1.00,1.50
2016.10.12 14:13:31.757,8.81844,8.82055,1.00,1.50
2016.10.12 14:13:32.006,8.81844,8.82055,1.00,1.00
2016.10.12 14:13:32.058,8.81844,8.82055,1.00,1.00
2016.10.12 14:13:32.109,8.81844,8.82032,1.00,1.00
2016.10.12 14:13:32.160,8.81833,8.82032,1.00,1.00
2016.10.12 14:13:32.261,8.81833,8.82032,1.00,1.00
2016.10.12 14:13:32.789,8.81834,8.82032,1.00,1.00
2016.10.12 14:13:32.840,8.81833,8.82033,1.00,1.00
2016.10.12 14:13:32.891,8.81833,8.82029,1.00,1.00
2016.10.12 14:13:33.065,8.81833,8.82029,1.00,1.00
2016.10.12 14:13:33.166,8.81833,8.82029,1.00,1.00
2016.10.12 14:13:33.369,8.81833,8.82029,1.00,1.00
2016.10.12 14:13:33.629,8.81833,8.82033,1.00,1.00
2016.10.12 14:13:33.781,8.81833,8.82033,1.00,1.00
2016.10.12 14:13:34.417,8.81833,8.82033,1.00,1.00
2016.10.12 14:13:34.530,8.81833,8.82026,1.00,1.00
2016.10.12 14:13:34.804,8.81834,8.82026,1.00,1.00
2016.10.12 14:13:35.339,8.81833,8.82026,1.00,1.00
2016.10.12 14:13:36.440,8.81833,8.82014,1.00,1.00
2016.10.12 14:13:36.542,8.81833,8.82014,1.00,1.50
2016.10.12 14:13:36.972,8.81833,8.82014,1.00,1.00
2016.10.12 14:13:38.099,8.81833,8.82006,1.00,1.00
2016.10.12 14:13:38.251,8.81783,8.81972,1.00,1.00
2016.10.12 14:13:38.561,8.81783,8.81953,1.00,1.00
2016.10.12 14:13:38.612,8.81783,8.81953,1.00,1.00
2016.10.12 14:13:38.915,8.81783,8.81953,1.00,1.00
2016.10.12 14:13:39.084,8.81783,8.81953,1.00,1.00
2016.10.12 14:13:39.557,8.81783,8.81953,1.00,1.00
2016.10.12 14:13:39.624,8.81783,8.81977,1.00,1.00
2016.10.12 14:13:39.725,8.81783,8.81977,1.00,1.00
2016.10.12 14:13:39.826,8.81783,8.81977,1.00,1.00
2016.10.12 14:13:39.928,8.81783,8.81977,1.00,1.00
2016.10.12 14:13:39.978,8.81783,8.81994,1.00,1.00
2016.10.12 14:13:40.029,8.81783,8.81994,1.00,1.00
2016.10.12 14:13:40.307,8.81783,8.81994,1.00,1.00
2016.10.12 14:13:40.434,8.81784,8.81994,1.00,1.00
2016.10.12 14:13:40.535,8.81783,8.81994,1.00,1.00
2016.10.12 14:13:40.587,8.81783,8.81994,1.00,1.00
2016.10.12 14:13:41.356,8.81783,8.81996,1.50,1.60
2016.10.12 14:13:41.407,8.81803,8.81996,1.00,1.60
2016.10.12 14:13:41.560,8.81803,8.81972,1.00,1.00
2016.10.12 14:13:41.611,8.81783,8.81952,1.00,1.00
2016.10.12 14:13:43.125,8.81783,8.81952,1.00,1.00
2016.10.12 14:13:43.226,8.81783,8.81978,1.00,1.00
2016.10.12 14:13:43.295,8.81783,8.81978,1.00,1.00
2016.10.12 14:13:43.625,8.81792,8.81978,1.00,1.00
2016.10.12 14:13:43.928,8.81792,8.81978,1.00,1.60
2016.10.12 14:13:43.979,8.81792,8.81963,1.00,1.00
2016.10.12 14:13:44.030,8.81792,8.81956,1.00,1.60
2016.10.12 14:13:44.232,8.81792,8.81942,1.00,1.00
2016.10.12 14:13:44.331,8.81733,8.81905,1.00,1.00
2016.10.12 14:13:44.534,8.81735,8.81905,1.00,1.00
2016.10.12 14:13:44.636,8.81735,8.81905,1.00,1.00
2016.10.12 14:13:44.737,8.81735,8.81932,1.00,1.00
2016.10.12 14:13:45.032,8.81735,8.81932,1.00,1.00
2016.10.12 14:13:45.135,8.81736,8.81945,1.00,1.00
2016.10.12 14:13:45.236,8.81736,8.81945,1.00,1.00
2016.10.12 14:13:45.993,8.81734,8.81947,1.00,1.00
2016.10.12 14:13:46.044,8.81734,8.81947,1.00,1.00
2016.10.12 14:13:46.297,8.81766,8.81947,1.00,1.00
2016.10.12 14:13:46.524,8.81766,8.81947,1.00,1.00
2016.10.12 14:13:46.787,8.81798,8.81976,1.00,1.00
2016.10.12 14:13:46.838,8.81798,8.81976,1.00,1.00
2016.10.12 14:13:46.940,8.81798,8.81961,1.00,1.00
2016.10.12 14:13:47.144,8.81758,8.81961,1.00,1.00
2016.10.12 14:13:47.374,8.81758,8.81961,1.00,1.00
2016.10.12 14:13:47.527,8.81758,8.81961,1.00,1.00
2016.10.12 14:13:48.037,8.81758,8.81961,1.00,1.00
2016.10.12 14:13:48.365,8.81758,8.81961,1.00,1.00
2016.10.12 14:13:48.466,8.81758,8.81961,1.00,1.00
2016.10.12 14:13:48.814,8.8179,8.81961,1.00,1.00
2016.10.12 14:13:48.864,8.8179,8.81996,1.00,1.00
2016.10.12 14:13:48.924,8.8179,8.81996,1.00,1.00
2016.10.12 14:13:49.151,8.8179,8.81996,1.00,1.00
2016.10.12 14:13:49.362,8.8179,8.81965,1.00,1.00
2016.10.12 14:13:49.853,8.8179,8.81947,1.00,1.00
2016.10.12 14:13:50.253,8.8179,8.81947,1.00,1.00
2016.10.12 14:13:50.973,8.8179,8.8196,1.00,1.00
2016.10.12 14:13:51.541,8.8179,8.81971,1.00,1.00
2016.10.12 14:13:51.594,8.8179,8.81963,1.00,1.00
2016.10.12 14:13:51.645,8.8179,8.81963,1.00,1.00
2016.10.12 14:13:51.747,8.8179,8.81963,1.00,1.00
2016.10.12 14:13:51.849,8.8179,8.81963,1.00,1.00
2016.10.12 14:13:51.899,8.8179,8.81966,1.00,1.00
2016.10.12 14:13:52.001,8.81796,8.81985,1.00,1.00
2016.10.12 14:13:52.052,8.81796,8.81985,1.00,1.00
2016.10.12 14:13:52.508,8.81796,8.81985,1.00,1.00
2016.10.12 14:13:52.559,8.8179,8.8197,1.00,1.00
2016.10.12 14:13:52.610,8.8179,8.81961,1.00,1.00
2016.10.12 14:13:52.662,8.8179,8.81961,1.00,1.00
2016.10.12 14:13:52.764,8.8179,8.81961,1.00,1.00
2016.10.12 14:13:52.867,8.8179,8.81961,1.00,1.00
2016.10.12 14:13:52.969,8.8179,8.81961,1.00,1.00
2016.10.12 14:13:53.211,8.8179,8.81975,1.00,1.00
2016.10.12 14:13:53.263,8.8179,8.81986,1.00,1.00
2016.10.12 14:13:53.460,8.8179,8.81986,1.00,1.00
2016.10.12 14:13:53.511,8.8179,8.81981,1.00,1.00
2016.10.12 14:13:53.563,8.8179,8.81981,1.00,1.00
2016.10.12 14:13:53.990,8.8179,8.81971,1.00,1.00
2016.10.12 14:13:54.324,8.81823,8.81974,1.00,1.00
2016.10.12 14:13:54.375,8.81823,8.81974,1.00,1.00
2016.10.12 14:13:54.929,8.81823,8.82001,1.00,1.00
2016.10.12 14:13:55.031,8.81823,8.82001,1.00,1.00
2016.10.12 14:13:55.084,8.81823,8.82001,1.00,1.00
2016.10.12 14:13:55.135,8.81825,8.82035,1.00,1.00
2016.10.12 14:13:55.237,8.81833,8.82035,1.00,1.00
2016.10.12 14:13:55.288,8.81833,8.82035,1.00,1.00
2016.10.12 14:13:55.340,8.81834,8.82047,1.00,1.00
2016.10.12 14:13:55.850,8.81833,8.82047,1.00,1.00
2016.10.12 14:13:57.745,8.81833,8.82047,1.00,1.00
2016.10.12 14:13:58.376,8.81833,8.82047,1.00,1.00
2016.10.12 14:13:58.427,8.81833,8.82047,1.50,1.00
2016.10.12 14:13:58.478,8.81835,8.82065,1.00,1.00
2016.10.12 14:13:58.580,8.81835,8.82065,1.00,1.00
2016.10.12 14:13:59.082,8.81833,8.81981,1.00,1.00
2016.10.12 14:13:59.754,8.81834,8.81981,1.00,1.00
2016.10.12 14:14:00.406,8.81833,8.81981,1.00,1.00
2016.10.12 14:14:01.219,8.81833,8.82002,1.00,1.00
2016.10.12 14:14:02.863,8.81833,8.82027,1.00,1.00
2016.10.12 14:14:03.122,8.81833,8.82031,1.00,1.00
2016.10.12 14:14:03.387,8.81833,8.82031,1.00,1.00
2016.10.12 14:14:04.905,8.81833,8.81996,1.00,1.00
2016.10.12 14:14:05.128,8.81843,8.81996,1.42,1.00
2016.10.12 14:14:05.230,8.81853,8.81996,1.00,1.00
2016.10.12 14:14:05.281,8.81853,8.82007,1.00,1.00
2016.10.12 14:14:05.383,8.81853,8.81972,1.00,1.00
2016.10.12 14:14:06.149,8.81843,8.81972,1.10,1.00
2016.10.12 14:14:06.652,8.81853,8.81972,1.00,1.00
2016.10.12 14:14:07.014,8.81853,8.82002,1.00,1.00
2016.10.12 14:14:07.116,8.81853,8.82002,1.00,1.00
2016.10.12 14:14:07.219,8.81853,8.82036,1.00,1.00
2016.10.12 14:14:07.270,8.81871,8.82075,1.00,1.00
2016.10.12 14:14:07.493,8.81871,8.82059,1.00,1.00
2016.10.12 14:14:09.720,8.81871,8.82059,1.00,1.00
2016.10.12 14:14:10.809,8.81871,8.82076,1.00,1.00
2016.10.12 14:14:11.562,8.81871,8.82076,1.00,1.00
2016.10.12 14:14:11.685,8.81871,8.82076,1.00,1.00
2016.10.12 14:14:11.787,8.81871,8.82076,1.00,1.00
2016.10.12 14:14:12.095,8.81871,8.82076,1.00,1.00
2016.10.12 14:14:13.089,8.81882,8.82062,1.00,1.00
2016.10.12 14:14:14.362,8.81871,8.82076,1.00,1.00
2016.10.12 14:14:14.456,8.81871,8.82076,1.00,1.00
2016.10.12 14:14:16.049,8.81889,8.82069,1.00,1.00
2016.10.12 14:14:16.294,8.81881,8.82061,1.00,1.00
2016.10.12 14:14:16.938,8.81924,8.82061,1.00,1.00
2016.10.12 14:14:17.382,8.81924,8.82057,1.00,1.00
2016.10.12 14:14:18.092,8.81923,8.82057,1.00,1.00
2016.10.12 14:14:19.204,8.81923,8.82059,1.00,1.00
2016.10.12 14:14:20.658,8.81923,8.82076,1.00,1.00
2016.10.12 14:14:21.387,8.81923,8.82048,1.00,1.00
2016.10.12 14:14:21.846,8.81923,8.82048,1.00,1.00
2016.10.12 14:14:23.164,8.81923,8.82076,1.00,1.75
2016.10.12 14:14:23.864,8.81923,8.82056,1.00,1.37
2016.10.12 14:14:24.717,8.81923,8.82049,1.00,1.00
2016.10.12 14:14:24.970,8.81923,8.82053,1.00,1.37
2016.10.12 14:14:25.319,8.81923,8.82053,1.00,1.37
2016.10.12 14:14:25.882,8.81923,8.82053,1.00,1.00
2016.10.12 14:14:26.870,8.81923,8.82102,1.00,1.75
2016.10.12 14:14:26.989,8.81933,8.82102,1.00,1.75
2016.10.12 14:14:28.172,8.81933,8.82084,1.00,1.37
2016.10.12 14:14:29.119,8.81934,8.82096,1.00,1.00
2016.10.12 14:14:29.710,8.81934,8.82091,1.00,1.00
2016.10.12 14:14:31.538,8.81934,8.82109,1.00,1.37
2016.10.12 14:14:32.143,8.81933,8.82109,1.00,1.37
2016.10.12 14:14:32.581,8.81933,8.82092,1.00,1.00
2016.10.12 14:14:32.781,8.81933,8.82109,1.00,1.37
2016.10.12 14:14:33.482,8.81933,8.82095,1.00,1.00
2016.10.12 14:14:34.360,8.81933,8.82095,1.00,1.00
2016.10.12 14:14:34.512,8.8194,8.82103,1.00,1.37
2016.10.12 14:14:34.803,8.81933,8.82139,1.00,1.75
2016.10.12 14:14:36.167,8.81933,8.82139,1.00,1.75
2016.10.12 14:14:36.844,8.81933,8.82139,1.00,1.75
2016.10.12 14:14:36.948,8.81933,8.82139,1.00,1.75
2016.10.12 14:14:36.998,8.81983,8.82139,1.00,1.37
2016.10.12 14:14:37.049,8.81983,8.82139,1.00,1.37
2016.10.12 14:14:37.151,8.81983,8.82139,1.00,1.37
2016.10.12 14:14:37.990,8.81983,8.82107,1.00,1.00
2016.10.12 14:14:39.100,8.81983,8.82139,1.00,1.37
2016.10.12 14:14:39.201,8.81984,8.82139,1.00,1.00
2016.10.12 14:14:39.252,8.81984,8.82141,1.00,1.00
2016.10.12 14:14:39.668,8.81983,8.82141,1.00,1.00
2016.10.12 14:14:40.880,8.81983,8.82141,1.00,1.00
2016.10.12 14:14:41.005,8.81983,8.82141,1.00,1.00
2016.10.12 14:14:41.303,8.81983,8.82141,1.00,1.00
2016.10.12 14:14:41.671,8.81983,8.82141,1.00,1.00
2016.10.12 14:14:43.931,8.81983,8.82152,1.00,1.00
2016.10.12 14:14:44.118,8.81983,8.82158,1.00,1.00
2016.10.12 14:14:44.579,8.82023,8.82158,1.00,1.00
2016.10.12 14:14:44.885,8.82023,8.82158,1.00,1.00
2016.10.12 14:14:44.936,8.82023,8.82209,1.00,1.37
2016.10.12 14:14:44.987,8.82023,8.82209,1.00,1.37
2016.10.12 14:14:45.479,8.82023,8.82209,1.00,1.37
2016.10.12 14:14:45.830,8.82023,8.82209,1.00,1.37
2016.10.12 14:14:46.291,8.82028,8.82207,1.00,1.00
2016.10.12 14:14:46.343,8.82028,8.82207,1.00,1.00
2016.10.12 14:14:46.933,8.82024,8.82205,1.00,1.00
2016.10.12 14:14:47.208,8.82023,8.82205,1.00,1.00
2016.10.12 14:14:47.260,8.82063,8.82205,1.00,1.00
2016.10.12 14:14:47.324,8.82063,8.82223,1.00,1.00
2016.10.12 14:14:47.537,8.82064,8.82226,1.00,1.00
2016.10.12 14:14:47.639,8.82064,8.82226,1.00,1.00
2016.10.12 14:14:47.957,8.82063,8.82218,1.00,1.00
2016.10.12 14:14:48.421,8.82063,8.82218,1.00,1.00
2016.10.12 14:14:48.523,8.82063,8.82196,1.00,1.00
2016.10.12 14:14:48.783,8.82063,8.82169,1.00,1.00
2016.10.12 14:14:48.835,8.82053,8.82169,1.72,1.00
2016.10.12 14:14:48.939,8.82053,8.82169,1.20,1.00
2016.10.12 14:14:49.112,8.82053,8.82169,1.20,1.37
2016.10.12 14:14:49.163,8.82013,8.82169,1.00,1.37
2016.10.12 14:14:49.966,8.82013,8.82147,1.00,1.00
2016.10.12 14:14:52.625,8.82013,8.82137,1.00,1.00
2016.10.12 14:14:52.777,8.82013,8.82137,1.00,1.00
2016.10.12 14:14:52.828,8.82013,8.8215,1.00,1.00
2016.10.12 14:14:53.529,8.82013,8.82163,1.00,1.00
2016.10.12 14:14:53.614,8.82013,8.82165,1.00,1.00
2016.10.12 14:14:53.821,8.82013,8.82176,1.00,1.00
2016.10.12 14:14:54.021,8.82013,8.82193,1.00,1.37
2016.10.12 14:14:54.280,8.82013,8.82193,1.00,1.37
2016.10.12 14:14:56.882,8.82013,8.82158,1.00,1.00
2016.10.12 14:14:59.120,8.82033,8.82158,1.00,1.00
2016.10.12 14:15:03.153,8.82033,8.82193,1.00,1.37
2016.10.12 14:15:03.708,8.82033,8.82193,1.00,1.37
2016.10.12 14:15:03.841,8.82033,8.82193,1.00,1.37
2016.10.12 14:15:04.162,8.82033,8.82166,1.00,1.00
2016.10.12 14:15:05.129,8.82034,8.82166,1.00,1.00
2016.10.12 14:15:05.180,8.82034,8.8217,1.00,1.00
2016.10.12 14:15:05.546,8.82034,8.82193,1.00,1.37
2016.10.12 14:15:06.248,8.82034,8.82179,1.00,1.00
2016.10.12 14:15:07.452,8.82034,8.82179,1.00,1.00
2016.10.12 14:15:08.253,8.82034,8.82193,1.00,1.00
2016.10.12 14:15:08.813,8.82034,8.82193,1.00,1.00
2016.10.12 14:15:09.023,8.82043,8.82193,1.00,1.00
2016.10.12 14:15:11.360,8.82043,8.82187,1.00,1.00
2016.10.12 14:15:11.718,8.82043,8.82187,1.00,1.00
2016.10.12 14:15:11.869,8.82043,8.82219,1.00,1.00
2016.10.12 14:15:11.920,8.82043,8.82219,1.00,1.00
2016.10.12 14:15:12.022,8.82043,8.82219,1.50,1.00
2016.10.12 14:15:12.784,8.82043,8.82219,1.50,1.00
2016.10.12 14:15:12.987,8.82043,8.82168,1.50,1.00
2016.10.12 14:15:13.433,8.82043,8.82168,1.00,1.00
2016.10.12 14:15:13.484,8.82043,8.82188,1.00,1.00
2016.10.12 14:15:13.542,8.82043,8.82188,1.50,1.00
2016.10.12 14:15:13.694,8.82043,8.82236,1.50,1.00
2016.10.12 14:15:14.277,8.82052,8.8222,1.00,1.00
2016.10.12 14:15:15.272,8.82052,8.8222,1.00,1.00
2016.10.12 14:15:15.473,8.82043,8.82236,1.50,1.00
2016.10.12 14:15:15.645,8.82043,8.82236,1.50,1.00
2016.10.12 14:15:16.373,8.82048,8.82216,1.00,1.00
2016.10.12 14:15:16.829,8.82073,8.82216,1.00,1.00
2016.10.12 14:15:16.881,8.82073,8.82216,1.00,1.00
2016.10.12 14:15:16.983,8.82073,8.82259,1.00,1.00
2016.10.12 14:15:17.036,8.82073,8.82279,1.00,1.00
2016.10.12 14:15:17.236,8.82103,8.82279,1.00,1.00
2016.10.12 14:15:17.288,8.82103,8.82317,1.60,1.50
2016.10.12 14:15:17.390,8.82103,8.82317,1.00,1.00
2016.10.12 14:15:17.441,8.82155,8.82337,1.00,1.00
2016.10.12 14:15:17.542,8.82155,8.82364,1.00,1.00
2016.10.12 14:15:18.717,8.82134,8.82338,1.00,1.00
2016.10.12 14:15:18.818,8.82124,8.82338,1.00,1.00
2016.10.12 14:15:18.869,8.82124,8.82338,1.00,1.00
2016.10.12 14:15:18.971,8.82124,8.82338,1.00,1.00
2016.10.12 14:15:19.968,8.82124,8.82338,1.00,1.00
2016.10.12 14:15:20.019,8.82153,8.82338,1.00,1.00
2016.10.12 14:15:20.070,8.82164,8.82355,1.00,1.00
2016.10.12 14:15:20.483,8.82153,8.8234,1.00,1.00
2016.10.12 14:15:20.996,8.82153,8.8234,1.00,1.00
2016.10.12 14:15:21.532,8.82153,8.82308,1.00,1.00
2016.10.12 14:15:21.583,8.82153,8.82308,1.00,1.00
2016.10.12 14:15:22.288,8.82153,8.82308,1.00,1.00
2016.10.12 14:15:22.466,8.82153,8.82308,1.00,1.00
2016.10.12 14:15:22.907,8.82153,8.82286,1.00,1.00
2016.10.12 14:15:22.958,8.82153,8.82302,1.00,1.00
2016.10.12 14:15:23.208,8.82153,8.82277,1.00,1.00
2016.10.12 14:15:23.519,8.82153,8.82277,1.00,1.00
2016.10.12 14:15:23.798,8.82153,8.82277,1.00,1.00
2016.10.12 14:15:23.970,8.82153,8.82277,1.00,1.00
2016.10.12 14:15:24.895,8.82153,8.82277,1.00,1.50
2016.10.12 14:15:26.630,8.82153,8.82277,1.00,1.00
2016.10.12 14:15:27.061,8.82153,8.82291,1.00,1.00
2016.10.12 14:15:27.112,8.82153,8.82291,1.00,1.00
2016.10.12 14:15:27.164,8.82153,8.82319,1.00,1.00
2016.10.12 14:15:27.456,8.82153,8.82319,1.00,1.00
2016.10.12 14:15:27.783,8.82153,8.82319,1.00,1.00
2016.10.12 14:15:28.084,8.82153,8.82319,1.00,1.00
2016.10.12 14:15:29.815,8.82153,8.82319,1.00,1.00
2016.10.12 14:15:29.894,8.82153,8.82296,1.00,1.00
2016.10.12 14:15:30.426,8.82163,8.82296,1.00,1.00
2016.10.12 14:15:31.599,8.82163,8.82289,1.00,1.00
2016.10.12 14:15:33.104,8.82121,8.82289,1.00,1.00
2016.10.12 14:15:33.156,8.82113,8.82285,1.50,1.00
2016.10.12 14:15:33.397,8.82113,8.82287,1.00,1.00
2016.10.12 14:15:33.499,8.82113,8.82287,1.00,1.00
2016.10.12 14:15:34.207,8.82113,8.82268,1.00,1.00
2016.10.12 14:15:34.543,8.82113,8.82287,1.00,1.00
2016.10.12 14:15:34.758,8.82113,8.82276,1.00,1.00
2016.10.12 14:15:35.101,8.82113,8.82276,1.00,1.00
2016.10.12 14:15:36.014,8.82116,8.82279,1.00,1.00
2016.10.12 14:15:36.724,8.82124,8.82287,1.00,1.00
2016.10.12 14:15:36.826,8.8213,8.82294,1.00,1.00
2016.10.12 14:15:37.341,8.82114,8.82324,1.00,1.00
2016.10.12 14:15:39.136,8.82114,8.82324,1.00,1.00
2016.10.12 14:15:39.187,8.82114,8.82324,1.00,1.00
2016.10.12 14:15:39.238,8.82114,8.82324,1.00,1.00
2016.10.12 14:15:39.662,8.82135,8.82303,1.00,1.00
2016.10.12 14:15:40.154,8.82123,8.82291,1.00,1.00
2016.10.12 14:15:41.712,8.82114,8.82324,1.00,1.00
2016.10.12 14:15:41.941,8.82114,8.82324,1.00,1.00
2016.10.12 14:15:42.501,8.82114,8.82324,1.00,1.00
2016.10.12 14:15:42.911,8.82173,8.82324,1.00,1.00
2016.10.12 14:15:46.639,8.82173,8.82324,1.00,1.00
2016.10.12 14:15:47.552,8.82174,8.82324,1.00,1.00
2016.10.12 14:15:49.072,8.82174,8.82324,1.00,1.00
2016.10.12 14:15:49.326,8.82174,8.82324,1.00,1.00
2016.10.12 14:15:50.065,8.82174,8.82324,1.00,1.00
2016.10.12 14:15:50.273,8.82174,8.82324,1.00,1.00
2016.10.12 14:15:50.790,8.82173,8.82324,1.00,1.00
2016.10.12 14:15:50.840,8.82173,8.82324,1.00,1.00
2016.10.12 14:15:51.044,8.82173,8.82335,1.00,1.00
2016.10.12 14:15:51.095,8.82173,8.82361,1.00,1.60
2016.10.12 14:15:51.197,8.82173,8.82361,1.00,1.60
2016.10.12 14:15:51.787,8.82173,8.82352,1.00,1.00
2016.10.12 14:15:52.470,8.82173,8.82361,1.00,1.00
2016.10.12 14:15:52.891,8.82153,8.82361,1.00,1.00
2016.10.12 14:15:54.274,8.82153,8.82352,1.00,1.00
2016.10.12 14:15:55.260,8.82153,8.82352,1.00,1.00
2016.10.12 14:15:55.929,8.82153,8.82338,1.00,1.00
2016.10.12 14:15:58.354,8.82153,8.82338,1.00,1.00
2016.10.12 14:15:58.592,8.82153,8.82338,1.00,1.00
2016.10.12 14:15:59.088,8.82153,8.82338,1.00,1.00
2016.10.12 14:16:00.346,8.82153,8.82327,1.00,1.00
2016.10.12 14:16:01.587,8.82153,8.82309,1.00,1.00
2016.10.12 14:16:01.997,8.82103,8.82309,1.00,1.00
2016.10.12 14:16:02.492,8.82104,8.82309,1.00,1.00
2016.10.12 14:16:02.695,8.82067,8.82273,1.00,1.00
2016.10.12 14:16:03.079,8.82057,8.82273,1.00,1.00
2016.10.12 14:16:03.131,8.82057,8.82256,1.00,1.00
2016.10.12 14:16:03.182,8.82057,8.82256,1.00,1.60
2016.10.12 14:16:03.234,8.82057,8.82256,1.00,1.60
2016.10.12 14:16:03.714,8.82023,8.82197,1.00,1.60
2016.10.12 14:16:03.796,8.81995,8.82197,1.00,1.00
2016.10.12 14:16:03.897,8.81964,8.82159,1.00,1.00
2016.10.12 14:16:03.948,8.81964,8.82159,1.00,1.00
2016.10.12 14:16:04.071,8.81964,8.82159,1.50,1.00
2016.10.12 14:16:04.123,8.81964,8.82159,1.50,1.00
2016.10.12 14:16:04.564,8.81964,8.82159,1.00,1.00
2016.10.12 14:16:04.615,8.81964,8.82171,1.00,1.00
2016.10.12 14:16:05.307,8.81953,8.82147,1.00,1.00
2016.10.12 14:16:05.421,8.81953,8.82147,1.00,1.00
2016.10.12 14:16:05.650,8.81953,8.82147,1.00,1.00
2016.10.12 14:16:06.334,8.81953,8.82147,1.00,1.00
2016.10.12 14:16:06.815,8.81959,8.82147,1.00,1.00
2016.10.12 14:16:06.866,8.81959,8.82147,1.00,1.00
2016.10.12 14:16:06.917,8.81959,8.82147,1.00,1.00
2016.10.12 14:16:07.071,8.81953,8.82147,1.00,1.00
2016.10.12 14:16:07.412,8.81953,8.82147,1.00,1.00
2016.10.12 14:16:08.141,8.81953,8.82147,1.00,1.00
2016.10.12 14:16:08.923,8.81943,8.82147,1.00,1.00
2016.10.12 14:16:09.010,8.8198,8.82172,1.00,1.00
2016.10.12 14:16:09.069,8.8198,8.82172,1.00,1.00
2016.10.12 14:16:10.426,8.8198,8.82172,1.00,1.00
2016.10.12 14:16:10.528,8.8198,8.82191,1.00,1.50
2016.10.12 14:16:11.312,8.81981,8.82191,1.00,1.50
2016.10.12 14:16:11.430,8.81981,8.82191,1.00,1.50
2016.10.12 14:16:11.532,8.81981,8.82191,1.00,1.50
2016.10.12 14:16:12.125,8.81981,8.82191,1.00,1.50
2016.10.12 14:16:12.813,8.81992,8.82191,1.00,1.50
2016.10.12 14:16:12.915,8.81992,8.82191,1.00,1.00
2016.10.12 14:16:13.582,8.8198,8.82191,1.50,1.00
2016.10.12 14:16:15.302,8.8198,8.82191,1.50,1.00
2016.10.12 14:16:16.885,8.8198,8.82191,1.50,1.00
2016.10.12 14:16:17.141,8.8198,8.82191,1.50,1.00
2016.10.12 14:16:17.478,8.81988,8.82191,1.00,1.00
2016.10.12 14:16:18.808,8.82019,8.82191,1.00,1.00
2016.10.12 14:16:19.187,8.82023,8.82191,1.00,1.00
2016.10.12 14:16:19.482,8.82023,8.82211,1.00,1.00
2016.10.12 14:16:19.533,8.82074,8.82274,1.00,1.00
2016.10.12 14:16:19.584,8.82074,8.82274,1.00,1.00
2016.10.12 14:16:19.635,8.82074,8.82295,1.00,1.00
2016.10.12 14:16:19.838,8.82074,8.82295,1.00,1.00
2016.10.12 14:16:20.075,8.82074,8.82295,1.00,1.00
2016.10.12 14:16:20.128,8.82082,8.82295,1.00,1.00
2016.10.12 14:16:20.187,8.82082,8.82295,1.00,1.00
2016.10.12 14:16:20.288,8.82082,8.82295,1.00,1.00
2016.10.12 14:16:20.706,8.82089,8.82297,1.00,1.00
2016.10.12 14:16:21.152,8.82089,8.82297,1.00,1.00
2016.10.12 14:16:21.492,8.82089,8.82297,1.00,1.00
2016.10.12 14:16:21.608,8.82103,8.82319,1.00,1.60
2016.10.12 14:16:21.659,8.82103,8.82319,1.00,1.60
2016.10.12 14:16:22.133,8.82103,8.82319,1.00,1.00
2016.10.12 14:16:22.190,8.82121,8.82347,1.00,1.50
2016.10.12 14:16:22.422,8.82118,8.82347,1.50,1.50
2016.10.12 14:16:23.670,8.82118,8.82348,1.50,1.00
2016.10.12 14:16:23.721,8.82136,8.82348,1.00,1.00
2016.10.12 14:16:24.003,8.82145,8.82375,1.00,1.60
2016.10.12 14:16:24.981,8.82148,8.82375,1.00,1.60
2016.10.12 14:16:25.742,8.82145,8.82375,1.00,1.60
2016.10.12 14:16:26.023,8.82145,8.82375,1.00,1.00
2016.10.12 14:16:26.074,8.8217,8.82375,1.00,1.00
2016.10.12 14:16:26.200,8.8217,8.82375,1.00,1.00
2016.10.12 14:16:26.301,8.82205,8.82375,1.00,1.00
2016.10.12 14:16:26.538,8.82205,8.82397,1.00,1.00
2016.10.12 14:16:26.590,8.82226,8.82397,1.00,1.00
2016.10.12 14:16:26.693,8.82226,8.82425,1.00,1.00
2016.10.12 14:16:26.744,8.8223,8.82425,1.00,1.00
2016.10.12 14:16:26.795,8.8223,8.82456,1.00,1.00
2016.10.12 14:16:27.198,8.82252,8.82457,1.00,1.00
2016.10.12 14:16:27.300,8.82252,8.82457,1.00,1.00
2016.10.12 14:16:27.351,8.82252,8.82457,1.00,1.60
2016.10.12 14:16:27.402,8.82252,8.82457,1.00,1.60
2016.10.12 14:16:27.453,8.82231,8.8245,1.00,1.00
2016.10.12 14:16:27.504,8.82231,8.8245,1.00,1.00
2016.10.12 14:16:27.554,8.82206,8.82441,1.00,1.00
2016.10.12 14:16:27.605,8.82206,8.8243,1.00,1.00
2016.10.12 14:16:27.908,8.82225,8.8241,1.00,1.00
2016.10.12 14:16:28.918,8.822,8.82367,1.00,1.00
2016.10.12 14:16:28.968,8.82174,8.82347,1.00,1.00
2016.10.12 14:16:29.019,8.82174,8.82347,1.00,1.00
2016.10.12 14:16:29.121,8.82137,8.82334,1.00,1.00
2016.10.12 14:16:29.520,8.82137,8.82315,1.00,1.00
2016.10.12 14:16:29.784,8.82137,8.82315,1.00,1.00
2016.10.12 14:16:30.305,8.82137,8.82315,1.00,1.00
2016.10.12 14:16:30.479,8.82137,8.82315,1.00,1.00
2016.10.12 14:16:31.162,8.82159,8.82315,1.00,1.00
2016.10.12 14:16:31.214,8.82159,8.82315,1.00,1.00
2016.10.12 14:16:31.986,8.82159,8.82315,1.00,1.00
2016.10.12 14:16:32.191,8.82159,8.82315,1.00,1.00
2016.10.12 14:16:32.514,8.82159,8.82315,1.00,1.00
2016.10.12 14:16:33.208,8.82137,8.82315,1.00,1.00
2016.10.12 14:16:33.813,8.82137,8.82315,1.00,1.00
2016.10.12 14:16:35.824,8.82137,8.82315,1.00,1.00
2016.10.12 14:16:37.880,8.8211,8.82266,1.00,1.00
2016.10.12 14:16:37.932,8.82082,8.82266,1.00,1.00
2016.10.12 14:16:38.470,8.82082,8.82266,1.00,1.00
2016.10.12 14:16:38.782,8.82082,8.82262,1.00,1.00
2016.10.12 14:16:38.885,8.82063,8.82218,1.00,1.00
2016.10.12 14:16:39.188,8.82031,8.82218,1.00,1.00
2016.10.12 14:16:39.556,8.82031,8.82218,1.00,1.00
2016.10.12 14:16:39.643,8.82031,8.82218,1.00,1.00
2016.10.12 14:16:39.885,8.82031,8.82218,1.00,1.00
2016.10.12 14:16:40.046,8.82031,8.82218,1.00,1.00
2016.10.12 14:16:40.285,8.82031,8.82218,1.00,1.00
2016.10.12 14:16:40.345,8.82031,8.82218,1.00,1.00
2016.10.12 14:16:40.445,8.82031,8.82218,1.00,1.00
2016.10.12 14:16:40.674,8.82031,8.82218,1.00,1.00
2016.10.12 14:16:40.874,8.82031,8.82218,1.00,1.00
2016.10.12 14:16:41.059,8.82031,8.82218,1.00,1.60
2016.10.12 14:16:41.110,8.82031,8.82184,1.00,1.00
2016.10.12 14:16:41.161,8.82003,8.82184,1.00,1.00
2016.10.12 14:16:41.547,8.82003,8.82184,1.00,1.00
2016.10.12 14:16:41.750,8.82005,8.82184,1.00,1.00
2016.10.12 14:16:41.853,8.82005,8.82184,1.00,1.00
2016.10.12 14:16:42.504,8.82005,8.82184,1.00,1.00
2016.10.12 14:16:44.333,8.82035,8.82228,1.00,1.00
2016.10.12 14:16:44.384,8.82035,8.82246,1.00,1.00
2016.10.12 14:16:44.486,8.82035,8.82246,1.00,1.00
2016.10.12 14:16:44.537,8.82035,8.82246,1.00,1.00
2016.10.12 14:16:44.588,8.82035,8.82246,1.00,1.00
2016.10.12 14:16:44.689,8.82035,8.82246,1.00,1.00
2016.10.12 14:16:45.358,8.82069,8.82246,1.00,1.00
2016.10.12 14:16:45.409,8.82069,8.82246,1.00,1.00
2016.10.12 14:16:45.721,8.8211,8.82246,1.00,1.00
2016.10.12 14:16:45.772,8.8211,8.82278,1.00,1.00
2016.10.12 14:16:46.168,8.8211,8.82278,1.00,1.00
2016.10.12 14:16:46.492,8.82084,8.82271,1.00,1.50
2016.10.12 14:16:46.543,8.82084,8.82251,1.00,1.00
2016.10.12 14:16:46.713,8.82056,8.82251,1.00,1.00
2016.10.12 14:16:47.104,8.82056,8.82251,1.00,1.00
2016.10.12 14:16:47.342,8.82056,8.82257,1.00,1.00
2016.10.12 14:16:47.393,8.82056,8.82257,1.00,1.00
2016.10.12 14:16:47.444,8.82083,8.82257,1.00,1.00
2016.10.12 14:16:47.666,8.82083,8.82287,1.00,1.60
2016.10.12 14:16:48.151,8.82083,8.82272,1.00,1.60
2016.10.12 14:16:48.976,8.82083,8.82262,1.00,1.00
2016.10.12 14:16:49.084,8.82083,8.82267,1.00,1.60
2016.10.12 14:16:49.348,8.82083,8.82267,1.00,1.00
2016.10.12 14:16:49.398,8.82083,8.82307,1.00,1.37
2016.10.12 14:16:49.449,8.82083,8.82251,1.00,1.00
2016.10.12 14:16:49.743,8.82148,8.82266,1.00,1.00
2016.10.12 14:16:49.795,8.82148,8.82302,1.00,1.00
2016.10.12 14:16:50.601,8.82148,8.82302,1.00,1.00
2016.10.12 14:16:50.652,8.82091,8.82302,1.00,1.00
2016.10.12 14:16:50.754,8.82083,8.82277,1.00,1.00
2016.10.12 14:16:50.805,8.82086,8.82277,1.00,1.00
2016.10.12 14:16:51.312,8.82117,8.82312,1.00,1.00
2016.10.12 14:16:51.524,8.82117,8.82312,1.00,1.00
2016.10.12 14:16:52.629,8.82141,8.82312,1.00,1.00
2016.10.12 14:16:52.722,8.82141,8.82312,1.00,1.00
2016.10.12 14:16:52.824,8.82141,8.82332,1.00,1.00
2016.10.12 14:16:52.875,8.82171,8.82343,1.00,1.00
2016.10.12 14:16:53.190,8.8219,8.82343,1.00,1.00
2016.10.12 14:16:53.241,8.8219,8.82383,1.00,1.00
2016.10.12 14:16:53.292,8.82193,8.82383,1.00,1.00
2016.10.12 14:16:54.415,8.8221,8.82383,1.00,1.00
2016.10.12 14:16:55.062,8.82218,8.82383,1.00,1.00
2016.10.12 14:16:55.163,8.82218,8.82416,1.00,1.00
2016.10.12 14:16:57.024,8.82218,8.82416,1.00,1.00
2016.10.12 14:16:57.668,8.82242,8.82416,1.00,1.00
2016.10.12 14:16:57.975,8.8225,8.82461,1.00,1.00
2016.10.12 14:16:58.427,8.8225,8.82461,1.00,1.00
2016.10.12 14:16:58.478,8.82243,8.82434,1.00,1.00
2016.10.12 14:16:58.971,8.82249,8.82449,1.00,1.00
2016.10.12 14:16:59.056,8.82249,8.8246,1.00,1.00
2016.10.12 14:17:04.443,8.8229,8.8246,1.00,1.00
2016.10.12 14:17:04.494,8.82299,8.8246,1.00,1.00
2016.10.12 14:17:04.748,8.82299,8.8248,1.00,1.00
2016.10.12 14:17:04.799,8.82299,8.8252,1.00,1.00
2016.10.12 14:17:06.650,8.8229,8.82485,1.00,1.00
2016.10.12 14:17:06.701,8.82273,8.82465,1.00,1.00
2016.10.12 14:17:08.921,8.82273,8.82465,1.00,1.00
2016.10.12 14:17:09.109,8.82273,8.82465,1.00,1.00
2016.10.12 14:17:09.282,8.82273,8.82465,1.00,1.00
2016.10.12 14:17:09.609,8.82273,8.82465,1.00,1.00
2016.10.12 14:17:10.512,8.82273,8.82465,1.00,1.00
2016.10.12 14:17:10.563,8.82273,8.82465,1.00,1.00
2016.10.12 14:17:10.769,8.82273,8.82465,1.00,1.00
2016.10.12 14:17:10.820,8.82273,8.82453,1.00,1.00
2016.10.12 14:17:10.871,8.82273,8.82433,1.00,1.00
2016.10.12 14:17:11.184,8.82273,8.82433,1.00,1.00
2016.10.12 14:17:11.471,8.82273,8.82433,1.00,1.00
2016.10.12 14:17:11.600,8.82273,8.82433,1.00,1.00
2016.10.12 14:17:12.088,8.82273,8.82433,1.00,1.00
2016.10.12 14:17:12.189,8.82273,8.82433,1.00,1.00
2016.10.12 14:17:14.541,8.82255,8.8246,1.00,1.00
2016.10.12 14:17:14.915,8.82255,8.8246,1.00,1.00
2016.10.12 14:17:15.018,8.82255,8.8246,1.00,1.00
2016.10.12 14:17:15.121,8.82255,8.82454,1.00,1.00
2016.10.12 14:17:15.423,8.82255,8.82434,1.00,1.00
2016.10.12 14:17:15.575,8.82258,8.82469,1.00,1.00
2016.10.12 14:17:16.295,8.82258,8.82469,1.00,1.00
2016.10.12 14:17:17.900,8.82278,8.82469,1.00,1.00
2016.10.12 14:17:19.221,8.82278,8.82469,1.00,1.00
2016.10.12 14:17:21.859,8.82278,8.82469,1.00,1.00
2016.10.12 14:17:23.714,8.82278,8.82469,1.00,1.00
2016.10.12 14:17:23.824,8.82278,8.82469,1.00,1.00
2016.10.12 14:17:24.425,8.82283,8.82469,1.00,1.00
2016.10.12 14:17:25.382,8.82307,8.82469,1.00,1.00
2016.10.12 14:17:25.433,8.82307,8.82501,1.00,1.00
2016.10.12 14:17:27.530,8.82307,8.82501,1.00,1.00
2016.10.12 14:17:30.630,8.82307,8.82501,1.00,1.00
2016.10.12 14:17:31.244,8.82307,8.82501,1.00,1.00
2016.10.12 14:17:31.397,8.82327,8.82501,1.00,1.00
2016.10.12 14:17:31.532,8.82327,8.82501,1.00,1.00
2016.10.12 14:17:37.979,8.82327,8.82501,1.00,1.00
2016.10.12 14:17:38.268,8.82327,8.82501,1.00,1.00
2016.10.12 14:17:39.054,8.82327,8.82501,1.00,1.00
2016.10.12 14:17:40.093,8.82327,8.82501,1.00,1.00
2016.10.12 14:17:40.271,8.82327,8.82501,1.00,1.00
2016.10.12 14:17:40.740,8.82327,8.82515,1.00,1.00
2016.10.12 14:17:42.452,8.82327,8.82515,1.00,1.35
2016.10.12 14:17:42.841,8.82327,8.82508,1.00,1.00
2016.10.12 14:17:42.895,8.82313,8.82487,1.00,1.00
2016.10.12 14:17:43.004,8.82313,8.82487,1.00,1.00
2016.10.12 14:17:43.678,8.82322,8.82487,1.00,1.00
2016.10.12 14:17:43.780,8.82322,8.82515,1.00,1.00
2016.10.12 14:17:44.231,8.82322,8.82515,1.00,1.00
2016.10.12 14:17:44.282,8.82313,8.82515,1.00,1.00
2016.10.12 14:17:44.383,8.82313,8.82502,1.00,1.00
2016.10.12 14:17:44.485,8.82313,8.82482,1.00,1.00
2016.10.12 14:17:44.846,8.82313,8.82482,1.00,1.00
2016.10.12 14:17:44.897,8.82313,8.82482,1.00,1.00
2016.10.12 14:17:45.173,8.82313,8.82482,1.00,1.00
2016.10.12 14:17:45.383,8.82313,8.82482,1.00,1.00
2016.10.12 14:17:46.297,8.82313,8.82482,1.00,1.00
2016.10.12 14:17:46.586,8.82361,8.82567,1.00,1.60
2016.10.12 14:17:46.637,8.82361,8.82578,1.00,2.10
2016.10.12 14:17:47.031,8.82361,8.82589,1.00,1.60
2016.10.12 14:17:48.036,8.82361,8.82573,1.00,1.00
2016.10.12 14:17:48.087,8.82361,8.82552,1.00,1.00
2016.10.12 14:17:48.182,8.82361,8.82552,1.00,1.00
2016.10.12 14:17:48.484,8.82361,8.82552,1.00,1.00
2016.10.12 14:17:48.733,8.82361,8.82552,1.00,1.00
2016.10.12 14:17:48.784,8.82361,8.82552,1.00,1.00
2016.10.12 14:17:49.035,8.82361,8.82552,1.00,1.00
2016.10.12 14:17:49.086,8.82361,8.82552,1.00,1.00
2016.10.12 14:17:49.447,8.82378,8.82552,1.00,1.00
2016.10.12 14:17:50.312,8.82382,8.82552,1.00,1.00
2016.10.12 14:17:50.416,8.82382,8.82579,1.00,1.00
2016.10.12 14:17:51.004,8.82382,8.82579,1.00,1.00
2016.10.12 14:17:51.055,8.82378,8.82579,1.00,1.00
2016.10.12 14:17:52.553,8.82378,8.82579,1.00,1.00
2016.10.12 14:17:53.047,8.8238,8.82579,1.00,1.00
2016.10.12 14:17:54.401,8.8238,8.82579,1.50,1.00
2016.10.12 14:17:54.482,8.824,8.82608,1.00,1.00
2016.10.12 14:17:54.942,8.82412,8.82611,1.00,1.00
2016.10.12 14:17:55.307,8.82412,8.82611,1.00,1.00
2016.10.12 14:17:55.407,8.82412,8.82611,1.00,1.00
2016.10.12 14:17:55.652,8.82431,8.82611,1.00,1.00
2016.10.12 14:17:55.830,8.82466,8.82644,1.00,1.00
2016.10.12 14:17:55.931,8.82475,8.82667,1.00,1.00
2016.10.12 14:17:56.730,8.82475,8.82667,1.00,1.00
2016.10.12 14:17:56.943,8.82475,8.82684,1.00,1.00
2016.10.12 14:17:57.747,8.82475,8.82684,1.00,1.00
2016.10.12 14:17:59.266,8.82491,8.82684,1.00,1.00
2016.10.12 14:17:59.419,8.82505,8.82716,1.00,1.00
2016.10.12 14:17:59.936,8.82506,8.82716,1.00,1.00
2016.10.12 14:18:00.936,8.82505,8.82716,1.00,1.00
2016.10.12 14:18:01.341,8.82505,8.82708,1.00,1.00
2016.10.12 14:18:01.392,8.82505,8.82716,1.00,1.00
2016.10.12 14:18:01.876,8.82505,8.82699,1.00,1.00
2016.10.12 14:18:02.143,8.82505,8.82679,1.00,1.00
2016.10.12 14:18:02.445,8.82505,8.82679,1.00,1.00
2016.10.12 14:18:02.524,8.82505,8.82661,1.00,1.00
2016.10.12 14:18:02.575,8.82505,8.82661,1.00,1.00
2016.10.12 14:18:03.400,8.82426,8.82661,1.00,1.00
2016.10.12 14:18:03.451,8.82426,8.82661,1.00,1.00
2016.10.12 14:18:04.186,8.82403,8.82629,1.50,1.00
2016.10.12 14:18:04.339,8.82403,8.82629,2.25,1.00
2016.10.12 14:18:04.990,8.82403,8.82629,1.50,1.00
2016.10.12 14:18:05.045,8.82403,8.82629,1.00,1.00
2016.10.12 14:18:05.147,8.82403,8.82629,1.00,1.00
2016.10.12 14:18:05.454,8.82413,8.82629,1.00,1.50
2016.10.12 14:18:05.839,8.82413,8.82629,1.00,1.50
2016.10.12 14:18:05.953,8.82413,8.82629,1.00,1.50
2016.10.12 14:18:06.263,8.82413,8.82629,1.00,1.50
2016.10.12 14:18:06.379,8.82413,8.82629,1.00,1.50
2016.10.12 14:18:07.017,8.82433,8.82629,1.00,1.50
2016.10.12 14:18:07.343,8.82433,8.82629,1.00,1.50
2016.10.12 14:18:07.782,8.82433,8.82629,1.00,1.50
2016.10.12 14:18:07.833,8.82413,8.82629,1.00,2.10
2016.10.12 14:18:07.884,8.82413,8.82599,1.00,1.00
2016.10.12 14:18:08.348,8.82383,8.82599,1.00,1.00
2016.10.12 14:18:09.094,8.82383,8.82599,1.00,1.00
2016.10.12 14:18:09.195,8.82383,8.82599,1.00,1.00
2016.10.12 14:18:09.297,8.82383,8.82599,1.00,1.00
2016.10.12 14:18:09.569,8.82383,8.82599,1.00,1.00
2016.10.12 14:18:10.147,8.82383,8.82612,1.00,1.00
2016.10.12 14:18:10.248,8.82408,8.82612,1.00,1.00
2016.10.12 14:18:10.350,8.82383,8.82612,1.00,1.00
2016.10.12 14:18:10.451,8.82384,8.82612,1.37,1.00
