2017.11.07 23:00:05.236,8.38896,8.39162,1.00,1.00
2017.11.07 23:00:05.556,8.38877,8.39143,1.00,1.00
2017.11.07 23:00:08.142,8.389,8.39167,1.00,1.00
2017.11.07 23:00:08.193,8.38923,8.3919,1.00,1.00
2017.11.07 23:00:08.642,8.38944,8.3921,1.00,1.00
2017.11.07 23:00:09.012,8.38925,8.39191,1.00,1.00
2017.11.07 23:00:10.856,8.38955,8.39221,1.00,1.00
2017.11.07 23:00:25.263,8.38979,8.39245,1.00,1.00
2017.11.07 23:00:34.072,8.38957,8.39223,1.00,1.00
2017.11.07 23:00:34.376,8.38935,8.39201,1.00,1.00
2017.11.07 23:00:36.076,8.38916,8.39183,1.00,1.00
2017.11.07 23:00:36.179,8.38898,8.39164,1.00,1.00
2017.11.07 23:00:37.094,8.38921,8.39188,1.00,1.00
2017.11.07 23:00:40.130,8.38945,8.39212,1.00,1.00
2017.11.07 23:00:40.806,8.38968,8.39235,1.00,1.00
2017.11.07 23:01:04.254,8.38988,8.39254,1.00,1.00
2017.11.07 23:01:04.560,8.39009,8.39275,1.00,1.00
2017.11.07 23:01:06.833,8.38989,8.39255,1.00,1.00
2017.11.07 23:01:50.426,8.38968,8.39234,1.00,1.00
2017.11.07 23:01:50.764,8.3894,8.39206,1.00,1.00
2017.11.07 23:01:52.950,8.38964,8.39228,1.00,1.00
2017.11.07 23:02:20.530,8.38936,8.39202,1.00,1.00
2017.11.07 23:02:20.733,8.38901,8.39165,1.00,1.00
2017.11.07 23:02:20.986,8.38918,8.39184,1.00,1.00
2017.11.07 23:02:21.037,8.389,8.39164,1.00,1.00
2017.11.07 23:02:21.799,8.38922,8.39188,1.00,1.00
2017.11.07 23:02:21.850,8.38941,8.39207,1.00,1.00
2017.11.07 23:02:34.342,8.38922,8.39188,1.00,1.00
2017.11.07 23:02:35.059,8.38902,8.39168,1.00,1.00
2017.11.07 23:02:42.618,8.38879,8.39146,1.00,1.00
2017.11.07 23:02:43.503,8.389,8.39167,1.00,1.00
2017.11.07 23:02:47.808,8.38882,8.39149,1.00,1.00
2017.11.07 23:02:54.241,8.38838,8.39104,1.00,1.00
2017.11.07 23:02:54.545,8.38795,8.39061,1.00,1.00
2017.11.07 23:02:55.418,8.38768,8.39034,1.00,1.00
2017.11.07 23:02:58.196,8.38788,8.39054,1.00,1.00
2017.11.07 23:03:00.734,8.38767,8.39033,1.00,1.00
2017.11.07 23:03:11.941,8.38785,8.39052,1.00,1.00
2017.11.07 23:03:39.021,8.38745,8.39011,1.00,1.00
2017.11.07 23:03:51.874,8.3877,8.39035,1.00,1.00
2017.11.07 23:04:10.698,8.38788,8.39054,1.00,1.00
2017.11.07 23:04:17.595,8.38766,8.3903,1.00,1.00
2017.11.07 23:04:18.907,8.38739,8.39004,1.00,1.00
2017.11.07 23:04:26.807,8.38757,8.39022,1.00,1.00
2017.11.07 23:04:53.413,8.38778,8.39044,1.00,1.00
2017.11.07 23:05:53.856,8.38699,8.39071,1.00,1.00
2017.11.07 23:05:56.766,8.38699,8.39088,1.00,1.00
2017.11.07 23:05:56.817,8.38695,8.39085,1.00,1.00
2017.11.07 23:05:58.272,8.38706,8.39075,1.00,1.00
2017.11.07 23:05:58.653,8.38712,8.39081,1.00,1.00
2017.11.07 23:05:59.769,8.38689,8.39093,1.00,1.00
2017.11.07 23:05:59.819,8.387,8.3908,1.00,1.00
2017.11.07 23:05:59.921,8.38693,8.39074,1.00,1.00
2017.11.07 23:06:00.150,8.38699,8.3908,1.00,1.00
2017.11.07 23:06:00.454,8.38705,8.39084,1.00,1.00
2017.11.07 23:06:01.350,8.38708,8.39089,1.00,1.00
2017.11.07 23:06:01.451,8.38705,8.39086,1.00,1.00
2017.11.07 23:06:02.087,8.38708,8.39089,1.00,1.00
2017.11.07 23:06:02.610,8.3871,8.3909,1.00,1.00
2017.11.07 23:06:04.088,8.38705,8.39085,1.00,1.00
2017.11.07 23:06:05.395,8.38705,8.39097,1.00,1.00
2017.11.07 23:06:05.956,8.38722,8.39109,1.00,1.00
2017.11.07 23:06:06.799,8.38727,8.39114,1.00,1.00
2017.11.07 23:06:08.068,8.38729,8.39116,1.00,1.00
2017.11.07 23:06:08.894,8.38732,8.39117,1.00,1.00
2017.11.07 23:06:10.172,8.38732,8.3912,1.00,1.00
2017.11.07 23:06:11.087,8.38729,8.39116,1.00,1.00
2017.11.07 23:06:11.765,8.38729,8.39098,1.00,1.00
2017.11.07 23:06:11.816,8.38726,8.39117,1.00,1.00
2017.11.07 23:06:11.867,8.38724,8.39115,1.00,1.00
2017.11.07 23:06:14.864,8.38723,8.39113,1.00,1.00
2017.11.07 23:06:16.558,8.38692,8.39113,1.37,1.00
2017.11.07 23:06:16.609,8.38723,8.39113,1.00,1.00
2017.11.07 23:06:17.324,8.3872,8.3911,1.00,1.00
2017.11.07 23:06:20.930,8.38717,8.39107,1.00,1.00
2017.11.07 23:06:21.767,8.38717,8.39087,1.00,1.00
2017.11.07 23:06:22.159,8.38728,8.39098,1.00,1.00
2017.11.07 23:06:23.098,8.38725,8.39095,1.00,1.00
2017.11.07 23:06:25.318,8.38719,8.39089,1.00,1.00
2017.11.07 23:06:25.369,8.38724,8.39095,1.00,1.00
2017.11.07 23:06:25.895,8.38725,8.39096,1.00,1.00
2017.11.07 23:06:26.767,8.38725,8.39116,1.00,1.00
2017.11.07 23:06:27.094,8.38721,8.39109,1.00,1.00
2017.11.07 23:06:29.944,8.38722,8.39112,1.00,1.00
2017.11.07 23:06:30.336,8.38718,8.39108,1.00,1.00
2017.11.07 23:06:30.808,8.38715,8.39105,1.00,1.00
2017.11.07 23:06:32.546,8.38708,8.39098,1.00,1.00
2017.11.07 23:06:32.849,8.38701,8.39091,1.00,1.00
2017.11.07 23:06:33.331,8.38705,8.39095,1.00,1.00
2017.11.07 23:06:34.411,8.387,8.3909,1.00,1.00
2017.11.07 23:06:35.079,8.38698,8.39088,1.00,1.00
2017.11.07 23:06:35.404,8.38702,8.39093,1.00,1.00
2017.11.07 23:06:38.190,8.38697,8.39088,1.00,1.00
2017.11.07 23:06:40.654,8.38701,8.39093,1.00,1.00
2017.11.07 23:06:43.638,8.38703,8.39091,1.00,1.00
2017.11.07 23:06:44.924,8.387,8.3909,1.00,1.00
2017.11.07 23:06:47.111,8.38698,8.39088,1.00,1.00
2017.11.07 23:06:47.556,8.38695,8.39069,1.00,1.00
2017.11.07 23:06:48.225,8.38693,8.39067,1.00,1.00
2017.11.07 23:06:49.409,8.38694,8.39079,1.00,1.00
2017.11.07 23:06:49.459,8.38756,8.39023,1.00,1.00
2017.11.07 23:06:53.133,8.38728,8.38995,1.00,1.00
2017.11.07 23:06:53.776,8.38707,8.38974,1.00,1.00
2017.11.07 23:06:58.871,8.38739,8.39005,1.00,1.00
2017.11.07 23:08:00.074,8.38678,8.39056,1.00,1.00
2017.11.07 23:08:01.104,8.38646,8.39053,1.00,1.00
2017.11.07 23:08:01.342,8.38669,8.39056,1.00,1.00
2017.11.07 23:08:01.664,8.38666,8.39052,1.00,1.00
2017.11.07 23:08:02.341,8.38643,8.39051,1.00,1.00
2017.11.07 23:08:02.392,8.38668,8.39052,1.00,1.00
2017.11.07 23:08:04.796,8.38667,8.3905,1.00,1.00
2017.11.07 23:08:05.584,8.38669,8.39049,1.00,1.00
2017.11.07 23:08:06.036,8.38658,8.39049,1.00,1.00
2017.11.07 23:08:06.087,8.38655,8.39046,1.00,1.00
2017.11.07 23:08:07.284,8.3866,8.39051,1.00,1.00
2017.11.07 23:08:07.716,8.38668,8.39046,1.00,1.00
2017.11.07 23:08:08.309,8.3867,8.39047,1.00,1.00
2017.11.07 23:08:11.863,8.38665,8.39042,1.00,1.00
2017.11.07 23:08:11.914,8.38671,8.39049,1.00,1.00
2017.11.07 23:08:12.015,8.38665,8.39042,1.00,1.00
2017.11.07 23:08:12.117,8.38671,8.39049,1.00,1.00
2017.11.07 23:08:12.254,8.38664,8.39042,1.00,1.00
2017.11.07 23:08:12.604,8.38655,8.39036,1.00,1.00
2017.11.07 23:08:12.705,8.38651,8.39032,1.00,1.00
2017.11.07 23:08:13.458,8.3872,8.38986,1.00,1.00
2017.11.07 23:08:52.566,8.38739,8.39005,1.00,1.00
2017.11.07 23:09:33.458,8.38791,8.39057,1.00,1.00
2017.11.07 23:09:33.974,8.38772,8.39038,1.00,1.00
2017.11.07 23:10:34.113,8.38752,8.39088,1.00,1.00
2017.11.07 23:10:35.753,8.38752,8.39086,1.00,1.00
2017.11.07 23:10:35.804,8.38752,8.39088,1.00,1.00
2017.11.07 23:10:36.244,8.38751,8.39071,1.00,1.00
2017.11.07 23:10:36.549,8.38816,8.39083,1.00,1.00
2017.11.07 23:10:46.136,8.38835,8.39101,1.00,1.00
2017.11.07 23:10:47.404,8.38817,8.39083,1.00,1.00
2017.11.07 23:10:48.015,8.38836,8.39102,1.00,1.00
2017.11.07 23:10:49.453,8.38811,8.39078,1.00,1.00
2017.11.07 23:10:52.728,8.38811,8.39071,1.00,1.00
2017.11.07 23:10:52.829,8.38786,8.39052,1.00,1.00
2017.11.07 23:11:09.499,8.38808,8.39075,1.00,1.00
2017.11.07 23:11:09.551,8.38827,8.39093,1.00,1.00
2017.11.07 23:11:09.602,8.38801,8.39068,1.00,1.00
2017.11.07 23:11:09.653,8.38829,8.39095,1.00,1.00
2017.11.07 23:11:09.956,8.38806,8.39073,1.00,1.00
2017.11.07 23:11:19.286,8.38832,8.39099,1.00,1.00
2017.11.07 23:12:13.380,8.38931,8.39134,1.00,1.00
2017.11.07 23:12:14.047,8.38931,8.39154,1.00,1.00
2017.11.07 23:12:14.485,8.38931,8.3916,1.00,1.00
2017.11.07 23:12:15.072,8.38909,8.3916,1.00,1.00
2017.11.07 23:12:15.444,8.38928,8.3916,1.00,1.00
2017.11.07 23:12:15.778,8.38929,8.39157,1.00,1.00
2017.11.07 23:12:15.891,8.38907,8.39157,1.00,1.00
2017.11.07 23:12:15.942,8.38927,8.39157,1.00,1.00
2017.11.07 23:12:16.418,8.38927,8.39152,1.00,1.00
2017.11.07 23:12:18.862,8.38903,8.39152,1.00,1.00
2017.11.07 23:12:18.913,8.38922,8.39152,1.00,1.00
2017.11.07 23:12:18.964,8.38903,8.39152,1.00,1.00
2017.11.07 23:12:19.015,8.38923,8.39152,1.00,1.00
2017.11.07 23:12:19.066,8.38903,8.39152,1.00,1.00
2017.11.07 23:12:19.219,8.38922,8.39152,1.00,1.00
2017.11.07 23:12:19.920,8.38922,8.39141,1.00,1.00
2017.11.07 23:12:20.072,8.38914,8.39148,1.00,1.00
2017.11.07 23:12:20.123,8.38914,8.39154,1.00,1.00
2017.11.07 23:12:20.224,8.38914,8.39164,1.00,1.00
2017.11.07 23:12:21.107,8.38914,8.3916,1.00,1.00
2017.11.07 23:12:21.443,8.38914,8.39163,1.00,1.00
2017.11.07 23:12:22.809,8.38914,8.3915,1.00,1.00
2017.11.07 23:12:22.946,8.38914,8.39155,1.00,1.00
2017.11.07 23:12:22.997,8.38914,8.39159,1.00,1.00
2017.11.07 23:12:23.720,8.38914,8.3916,1.00,1.00
2017.11.07 23:12:24.706,8.38914,8.39161,1.00,1.00
2017.11.07 23:12:25.939,8.38914,8.39156,1.00,1.00
2017.11.07 23:12:25.989,8.38914,8.3916,1.00,1.00
2017.11.07 23:12:26.920,8.38914,8.39153,1.00,1.00
2017.11.07 23:12:28.986,8.38914,8.39157,1.00,1.00
2017.11.07 23:12:30.625,8.38914,8.39158,1.00,1.00
2017.11.07 23:12:33.818,8.38914,8.39155,1.00,1.00
2017.11.07 23:12:33.868,8.38914,8.39162,1.00,1.00
2017.11.07 23:12:35.127,8.38914,8.39163,1.00,1.00
2017.11.07 23:12:35.312,8.38914,8.3915,1.00,1.00
2017.11.07 23:12:36.137,8.38914,8.39167,1.00,1.00
2017.11.07 23:12:36.341,8.38896,8.39126,1.00,1.00
2017.11.07 23:12:36.392,8.38896,8.3913,1.00,1.00
2017.11.07 23:12:36.538,8.38878,8.39131,1.00,1.00
2017.11.07 23:12:36.589,8.38878,8.39127,1.00,1.00
2017.11.07 23:12:37.284,8.38878,8.39126,1.00,1.00
2017.11.07 23:12:38.859,8.38878,8.39128,1.00,1.00
2017.11.07 23:12:40.156,8.38878,8.39131,1.00,1.00
2017.11.07 23:12:43.640,8.38897,8.39131,1.00,1.00
2017.11.07 23:12:44.299,8.38916,8.39131,1.00,1.00
2017.11.07 23:12:44.808,8.38916,8.3913,1.00,1.00
2017.11.07 23:12:44.909,8.38897,8.3913,1.00,1.00
2017.11.07 23:12:45.572,8.38916,8.3913,1.00,1.00
2017.11.07 23:12:46.727,8.38897,8.3913,1.00,1.00
2017.11.07 23:12:47.742,8.38897,8.39131,1.00,1.00
2017.11.07 23:12:51.166,8.38897,8.39133,1.00,1.00
2017.11.07 23:12:51.868,8.38897,8.39127,1.00,1.00
2017.11.07 23:12:53.969,8.38897,8.39131,1.00,1.00
2017.11.07 23:12:54.020,8.38899,8.39137,1.00,1.00
2017.11.07 23:12:54.723,8.38916,8.39137,1.00,1.00
2017.11.07 23:12:54.773,8.38925,8.39163,1.00,1.00
2017.11.07 23:12:54.824,8.38928,8.39167,1.00,1.00
2017.11.07 23:12:55.511,8.38925,8.39164,1.00,1.00
2017.11.07 23:12:57.114,8.38934,8.39164,1.00,1.00
2017.11.07 23:12:57.705,8.38934,8.39163,1.00,1.00
2017.11.07 23:12:59.400,8.38934,8.39158,1.00,1.00
2017.11.07 23:13:00.347,8.38934,8.39165,1.00,1.00
2017.11.07 23:13:00.802,8.38934,8.39158,1.00,1.00
2017.11.07 23:13:06.216,8.38934,8.39163,1.00,1.00
2017.11.07 23:13:08.879,8.38964,8.39202,1.00,1.00
2017.11.07 23:13:08.931,8.38968,8.39206,1.00,1.00
2017.11.07 23:13:09.244,8.3897,8.39188,1.00,1.00
2017.11.07 23:13:09.388,8.38971,8.3919,1.00,1.00
2017.11.07 23:13:09.720,8.38985,8.39197,1.00,1.00
2017.11.07 23:13:09.873,8.38985,8.39209,1.00,1.00
2017.11.07 23:13:09.974,8.38985,8.39204,1.00,1.00
2017.11.07 23:13:10.561,8.38985,8.39197,1.00,1.00
2017.11.07 23:13:10.612,8.38985,8.39204,1.00,1.00
2017.11.07 23:13:14.430,8.38985,8.392,1.00,1.00
2017.11.07 23:13:15.716,8.38985,8.39197,1.00,1.00
2017.11.07 23:13:22.961,8.38985,8.39201,1.00,1.00
2017.11.07 23:13:23.062,8.38985,8.39206,1.00,1.00
2017.11.07 23:13:23.114,8.38985,8.39212,1.00,1.00
2017.11.07 23:13:23.216,8.38988,8.39223,1.00,1.00
2017.11.07 23:13:23.266,8.38985,8.39218,1.00,1.00
2017.11.07 23:13:23.317,8.38985,8.39251,1.00,1.00
2017.11.07 23:13:23.419,8.38985,8.39218,1.00,1.00
2017.11.07 23:13:23.471,8.38985,8.3922,1.50,1.00
2017.11.07 23:13:23.756,8.38967,8.39202,1.00,1.00
2017.11.07 23:13:24.351,8.38961,8.39196,1.50,1.00
2017.11.07 23:13:29.074,8.38966,8.39199,1.00,1.00
2017.11.07 23:13:29.259,8.38961,8.39196,1.50,1.00
2017.11.07 23:13:29.510,8.38961,8.39193,1.50,1.00
2017.11.07 23:13:30.746,8.38963,8.39195,1.00,1.00
2017.11.07 23:13:34.137,8.38961,8.39191,1.00,1.00
2017.11.07 23:13:36.843,8.38965,8.39196,1.00,1.00
2017.11.07 23:13:37.146,8.38961,8.39193,1.50,1.00
2017.11.07 23:13:39.606,8.38967,8.39199,1.00,1.00
2017.11.07 23:13:39.911,8.38991,8.39205,1.00,1.00
2017.11.07 23:13:39.962,8.38991,8.39213,1.00,1.00
2017.11.07 23:13:40.113,8.38991,8.3922,1.00,1.00
2017.11.07 23:13:40.164,8.38988,8.3922,1.00,1.00
2017.11.07 23:13:40.215,8.38985,8.39216,1.00,1.00
2017.11.07 23:13:40.367,8.38976,8.39208,1.00,1.00
2017.11.07 23:13:40.418,8.38973,8.392,1.00,1.00
2017.11.07 23:13:40.721,8.38973,8.39196,1.00,1.00
2017.11.07 23:13:43.147,8.38973,8.39201,1.00,1.00
2017.11.07 23:13:44.490,8.38973,8.39202,1.00,1.00
2017.11.07 23:13:45.286,8.3899,8.39222,1.00,1.00
2017.11.07 23:13:45.337,8.38999,8.39202,1.00,1.00
2017.11.07 23:13:45.387,8.38979,8.39197,1.00,1.00
2017.11.07 23:13:45.438,8.38979,8.39193,1.00,1.00
2017.11.07 23:13:45.641,8.38979,8.39196,1.00,1.00
2017.11.07 23:13:47.481,8.38979,8.3921,1.00,1.00
2017.11.07 23:13:47.532,8.38981,8.39214,1.00,1.00
2017.11.07 23:13:47.917,8.38979,8.39206,1.00,1.00
2017.11.07 23:13:48.367,8.38979,8.392,1.00,1.00
2017.11.07 23:13:49.158,8.38979,8.39209,1.00,1.00
2017.11.07 23:13:49.315,8.38979,8.39211,1.50,1.00
2017.11.07 23:13:49.417,8.38979,8.392,1.00,1.00
2017.11.07 23:13:49.746,8.38979,8.39189,1.00,1.00
2017.11.07 23:13:50.257,8.38957,8.39189,1.00,1.00
2017.11.07 23:13:50.572,8.38967,8.39189,1.00,1.00
2017.11.07 23:13:51.286,8.38967,8.39192,1.00,1.00
2017.11.07 23:13:54.010,8.38967,8.39191,1.00,1.00
2017.11.07 23:13:54.823,8.38974,8.39209,1.00,1.00
2017.11.07 23:13:54.874,8.38985,8.39213,1.00,1.00
2017.11.07 23:13:54.976,8.38985,8.39218,1.00,1.00
2017.11.07 23:13:55.077,8.38986,8.39222,1.00,1.00
2017.11.07 23:13:55.179,8.38985,8.39217,1.00,1.00
2017.11.07 23:13:55.381,8.38987,8.39222,1.00,1.00
2017.11.07 23:13:55.533,8.38985,8.39217,1.00,1.00
2017.11.07 23:13:55.851,8.38985,8.39195,1.00,1.00
2017.11.07 23:13:59.252,8.38985,8.39191,1.00,1.00
2017.11.07 23:13:59.357,8.38985,8.39199,1.00,1.00
2017.11.07 23:13:59.539,8.38985,8.39192,1.00,1.00
2017.11.07 23:13:59.940,8.38985,8.39211,1.00,1.00
2017.11.07 23:13:59.990,8.38985,8.39201,1.00,1.00
2017.11.07 23:14:00.600,8.38985,8.392,1.00,1.00
2017.11.07 23:14:01.201,8.38985,8.39195,1.00,1.00
2017.11.07 23:14:03.794,8.38963,8.39195,1.00,1.00
2017.11.07 23:14:03.895,8.3897,8.39195,1.00,1.00
2017.11.07 23:14:04.464,8.3897,8.39185,1.00,1.00
2017.11.07 23:14:05.699,8.3897,8.39191,1.00,1.00
2017.11.07 23:14:06.316,8.3897,8.3919,1.00,1.00
2017.11.07 23:14:07.329,8.3897,8.39197,1.00,1.00
2017.11.07 23:14:07.379,8.3897,8.39193,1.00,1.00
2017.11.07 23:14:08.103,8.3897,8.39188,1.00,1.00
2017.11.07 23:14:09.550,8.38973,8.39187,1.00,1.00
2017.11.07 23:14:11.005,8.38981,8.39193,1.00,1.00
2017.11.07 23:14:11.456,8.38974,8.39188,1.00,1.00
2017.11.07 23:14:13.466,8.38979,8.39193,1.00,1.00
2017.11.07 23:14:14.550,8.38979,8.39192,1.00,1.00
2017.11.07 23:14:15.836,8.38979,8.39193,1.00,1.00
2017.11.07 23:14:23.791,8.3897,8.39176,1.00,1.00
2017.11.07 23:14:23.892,8.38957,8.39171,1.00,1.00
2017.11.07 23:14:26.008,8.38953,8.39166,1.00,1.00
2017.11.07 23:14:29.086,8.38964,8.39175,1.00,1.00
2017.11.07 23:14:29.215,8.38969,8.39183,1.00,1.00
2017.11.07 23:14:29.606,8.38969,8.39191,1.00,1.00
2017.11.07 23:14:30.866,8.38972,8.39194,1.00,1.00
2017.11.07 23:14:36.376,8.38972,8.39187,1.00,1.00
2017.11.07 23:14:38.638,8.38967,8.39182,1.00,1.00
2017.11.07 23:14:39.620,8.38972,8.39187,1.00,1.00
2017.11.07 23:14:44.610,8.38972,8.39191,1.00,1.00
2017.11.07 23:14:46.966,8.38971,8.39185,1.00,1.00
2017.11.07 23:14:48.850,8.38971,8.39189,1.50,1.00
2017.11.07 23:14:49.107,8.38971,8.39184,1.00,1.00
2017.11.07 23:14:49.761,8.38966,8.39184,1.00,1.00
2017.11.07 23:14:51.406,8.38966,8.3918,1.00,1.00
2017.11.07 23:14:53.003,8.38962,8.39176,1.00,1.00
2017.11.07 23:14:53.800,8.38957,8.39171,1.00,1.00
2017.11.07 23:14:55.081,8.38951,8.39166,1.00,1.00
2017.11.07 23:14:55.486,8.38959,8.39173,1.00,1.00
2017.11.07 23:14:56.435,8.38953,8.39167,1.00,1.00
2017.11.07 23:14:57.108,8.38954,8.39168,1.00,1.00
2017.11.07 23:14:59.525,8.3895,8.39164,1.00,1.00
2017.11.07 23:15:00.071,8.38954,8.39167,1.00,1.00
2017.11.07 23:15:00.223,8.38949,8.39163,1.50,1.00
2017.11.07 23:15:00.926,8.38949,8.39162,1.50,1.00
2017.11.07 23:15:02.238,8.38952,8.39166,1.00,1.00
2017.11.07 23:15:02.458,8.38945,8.39159,1.00,1.00
2017.11.07 23:15:02.895,8.38953,8.39167,1.00,1.00
2017.11.07 23:15:03.212,8.38948,8.3916,1.00,1.00
2017.11.07 23:15:03.262,8.38955,8.39169,1.00,1.00
2017.11.07 23:15:03.364,8.38954,8.39167,1.00,1.00
2017.11.07 23:15:04.503,8.3895,8.39162,1.00,1.00
2017.11.07 23:15:04.980,8.38956,8.3917,1.00,1.00
2017.11.07 23:15:05.141,8.38946,8.39159,1.00,1.00
2017.11.07 23:15:06.423,8.38946,8.39155,1.00,1.00
2017.11.07 23:15:07.526,8.38951,8.3916,1.00,1.00
2017.11.07 23:15:07.790,8.38954,8.39164,1.00,1.00
2017.11.07 23:15:07.943,8.38949,8.39158,1.00,1.00
2017.11.07 23:15:11.920,8.38957,8.39166,1.00,1.00
2017.11.07 23:15:12.123,8.38951,8.39161,1.00,1.00
2017.11.07 23:15:14.240,8.38956,8.39165,1.00,1.00
2017.11.07 23:15:14.734,8.38948,8.39157,1.00,1.00
2017.11.07 23:15:14.785,8.38948,8.39166,1.00,1.00
2017.11.07 23:15:15.002,8.38953,8.39171,1.00,1.00
2017.11.07 23:15:15.663,8.38948,8.39166,1.00,1.00
2017.11.07 23:15:17.182,8.38954,8.39171,1.00,1.00
2017.11.07 23:15:17.235,8.38947,8.39165,1.00,1.00
2017.11.07 23:15:18.704,8.38953,8.39171,1.00,1.00
2017.11.07 23:15:19.053,8.38947,8.39165,1.00,1.00
2017.11.07 23:15:19.815,8.38952,8.3917,1.00,1.00
2017.11.07 23:15:20.119,8.38946,8.39164,1.00,1.00
2017.11.07 23:15:20.466,8.3895,8.39168,1.00,1.00
2017.11.07 23:15:21.451,8.3895,8.39163,1.00,1.00
2017.11.07 23:15:22.813,8.38944,8.39158,1.00,1.00
2017.11.07 23:15:23.052,8.38952,8.39165,1.00,1.00
2017.11.07 23:15:23.356,8.38923,8.39118,1.00,1.00
2017.11.07 23:15:23.407,8.38904,8.39118,1.00,1.00
2017.11.07 23:15:24.215,8.38901,8.39114,1.00,1.00
2017.11.07 23:15:26.041,8.389,8.39114,1.00,1.00
2017.11.07 23:15:28.257,8.38892,8.39105,1.00,1.00
2017.11.07 23:15:29.819,8.38893,8.39109,1.00,1.00
2017.11.07 23:15:31.007,8.38891,8.3911,1.00,1.00
2017.11.07 23:15:32.308,8.38884,8.39102,1.00,1.00
2017.11.07 23:15:32.613,8.38876,8.39086,1.00,1.00
2017.11.07 23:15:32.663,8.38877,8.39095,1.00,1.00
2017.11.07 23:15:33.030,8.38876,8.39092,1.00,1.00
2017.11.07 23:15:33.391,8.38873,8.39092,1.00,1.00
2017.11.07 23:15:34.497,8.38878,8.39097,1.00,1.00
2017.11.07 23:15:34.839,8.38889,8.39107,1.00,1.00
2017.11.07 23:15:35.567,8.38885,8.39101,1.00,1.00
2017.11.07 23:15:36.290,8.38877,8.39095,1.00,1.00
2017.11.07 23:15:36.482,8.38877,8.39089,1.00,1.00
2017.11.07 23:15:38.464,8.38873,8.39084,1.00,1.00
2017.11.07 23:15:38.814,8.38872,8.39079,1.00,1.00
2017.11.07 23:15:39.006,8.38868,8.39079,1.00,1.00
2017.11.07 23:15:39.107,8.38861,8.3906,1.00,1.00
2017.11.07 23:15:39.158,8.38861,8.39063,1.00,1.00
2017.11.07 23:15:39.209,8.38848,8.3906,1.00,1.00
2017.11.07 23:15:39.260,8.38847,8.39058,1.00,1.00
2017.11.07 23:15:39.772,8.38847,8.39059,1.00,1.00
2017.11.07 23:15:42.376,8.38859,8.3907,1.00,1.00
2017.11.07 23:15:42.427,8.38855,8.39067,1.00,1.00
2017.11.07 23:15:42.614,8.38848,8.39059,1.00,1.00
2017.11.07 23:15:44.758,8.38848,8.39067,1.00,1.00
2017.11.07 23:15:46.001,8.38846,8.39065,1.00,1.00
2017.11.07 23:15:51.221,8.38853,8.39073,1.00,1.00
2017.11.07 23:15:51.272,8.38826,8.39038,1.00,1.00
2017.11.07 23:15:51.481,8.38741,8.38984,1.00,1.00
2017.11.07 23:15:51.532,8.38741,8.39004,1.00,1.00
2017.11.07 23:15:51.583,8.38794,8.39008,1.00,1.00
2017.11.07 23:15:51.634,8.38794,8.39013,1.00,1.00
2017.11.07 23:15:51.686,8.38803,8.39023,1.00,1.00
2017.11.07 23:15:51.737,8.38809,8.39027,1.00,1.00
2017.11.07 23:15:51.890,8.38815,8.39035,1.00,1.00
2017.11.07 23:15:52.042,8.38811,8.39029,1.00,1.00
2017.11.07 23:15:52.307,8.38815,8.39035,1.00,1.00
2017.11.07 23:15:52.506,8.38834,8.39053,1.00,1.00
2017.11.07 23:15:52.607,8.38835,8.39055,1.00,1.00
2017.11.07 23:15:52.658,8.3884,8.3906,1.00,1.00
2017.11.07 23:15:52.979,8.38862,8.39082,1.00,1.00
2017.11.07 23:15:54.265,8.38861,8.39081,1.00,1.00
2017.11.07 23:15:58.156,8.38842,8.39061,1.00,1.00
2017.11.07 23:15:58.786,8.38841,8.39061,1.50,1.00
2017.11.07 23:15:59.746,8.38842,8.39056,1.00,1.00
2017.11.07 23:16:00.873,8.38848,8.39064,1.00,1.00
2017.11.07 23:16:01.082,8.38854,8.3907,1.00,1.00
2017.11.07 23:16:02.169,8.38844,8.3906,1.00,1.00
2017.11.07 23:16:03.097,8.38841,8.39054,1.00,1.00
2017.11.07 23:16:03.213,8.38844,8.3906,1.00,1.00
2017.11.07 23:16:03.264,8.38841,8.39056,1.00,1.00
2017.11.07 23:16:05.191,8.38841,8.39057,1.00,1.00
2017.11.07 23:16:05.755,8.3884,8.39057,1.00,1.00
2017.11.07 23:16:06.591,8.3884,8.39059,1.00,1.00
2017.11.07 23:16:09.265,8.38842,8.39061,1.00,1.00
2017.11.07 23:16:14.776,8.38845,8.39061,1.00,1.00
2017.11.07 23:16:16.063,8.38843,8.39059,1.00,1.00
2017.11.07 23:16:18.706,8.38841,8.39057,1.00,1.00
2017.11.07 23:16:19.735,8.38837,8.39052,1.00,1.00
2017.11.07 23:16:22.976,8.38844,8.39059,1.00,1.00
2017.11.07 23:16:23.282,8.38835,8.39049,1.00,1.00
2017.11.07 23:16:23.333,8.38838,8.39053,1.00,1.00
2017.11.07 23:16:23.746,8.38844,8.39059,1.00,1.00
2017.11.07 23:16:23.847,8.38839,8.39055,1.00,1.00
2017.11.07 23:16:23.898,8.38844,8.39059,1.00,1.00
2017.11.07 23:16:23.949,8.38836,8.39052,1.00,1.00
2017.11.07 23:16:24.523,8.38842,8.39058,1.00,1.00
2017.11.07 23:16:27.554,8.38837,8.39053,1.00,1.00
2017.11.07 23:16:27.886,8.38841,8.39057,1.00,1.00
2017.11.07 23:16:29.283,8.38837,8.39052,1.00,1.00
2017.11.07 23:16:29.631,8.38843,8.39058,1.00,1.00
2017.11.07 23:16:29.980,8.38838,8.39053,1.00,1.00
2017.11.07 23:16:31.165,8.38844,8.39059,1.00,1.00
2017.11.07 23:16:31.617,8.38838,8.39053,1.00,1.00
2017.11.07 23:16:32.311,8.38844,8.39059,1.00,1.00
2017.11.07 23:16:33.183,8.3884,8.39055,1.00,1.00
2017.11.07 23:16:35.225,8.38845,8.39058,1.00,1.00
2017.11.07 23:16:35.414,8.38838,8.39053,1.00,1.00
2017.11.07 23:16:36.325,8.38845,8.39058,1.00,1.00
2017.11.07 23:16:36.644,8.38845,8.39056,1.00,1.00
2017.11.07 23:16:39.326,8.38843,8.39055,1.00,1.00
2017.11.07 23:16:42.090,8.3884,8.39053,1.00,1.00
2017.11.07 23:16:44.327,8.38844,8.39057,1.00,1.00
2017.11.07 23:16:44.836,8.38844,8.39052,1.00,1.00
2017.11.07 23:16:46.121,8.38843,8.3905,1.00,1.00
2017.11.07 23:16:48.930,8.38839,8.39046,1.00,1.00
2017.11.07 23:16:51.538,8.38844,8.39052,1.00,1.00
2017.11.07 23:16:51.645,8.38844,8.39047,1.00,1.00
2017.11.07 23:16:52.196,8.38845,8.39048,1.00,1.00
2017.11.07 23:16:53.087,8.38837,8.3904,1.00,1.00
2017.11.07 23:16:54.452,8.38839,8.39041,1.00,1.00
2017.11.07 23:16:59.246,8.38844,8.39047,1.00,1.00
2017.11.07 23:16:59.866,8.38844,8.39055,1.00,1.00
2017.11.07 23:17:00.937,8.3884,8.39051,1.00,1.00
2017.11.07 23:17:01.582,8.38845,8.39056,1.00,1.00
2017.11.07 23:17:01.894,8.3884,8.39051,1.00,1.00
2017.11.07 23:17:03.012,8.38845,8.39056,1.00,1.00
2017.11.07 23:17:03.315,8.38841,8.39052,1.00,1.00
2017.11.07 23:17:08.428,8.38837,8.39048,1.00,1.00
2017.11.07 23:17:09.862,8.38844,8.39055,1.00,1.00
2017.11.07 23:17:10.264,8.38841,8.3905,1.00,1.00
2017.11.07 23:17:11.501,8.38835,8.39046,1.00,1.00
2017.11.07 23:17:11.602,8.3884,8.39051,1.00,1.00
2017.11.07 23:17:11.978,8.38835,8.39046,1.00,1.00
2017.11.07 23:17:13.208,8.3884,8.39051,1.00,1.00
2017.11.07 23:17:13.728,8.38828,8.39037,1.00,1.00
2017.11.07 23:17:13.857,8.38834,8.39045,1.00,1.00
2017.11.07 23:17:13.908,8.38831,8.3904,1.00,1.00
2017.11.07 23:17:14.897,8.3883,8.39044,1.00,1.00
2017.11.07 23:17:15.296,8.38837,8.39051,1.00,1.00
2017.11.07 23:17:16.216,8.38836,8.39049,1.00,1.00
2017.11.07 23:17:21.692,8.38836,8.39048,1.00,1.00
2017.11.07 23:17:24.416,8.38837,8.3905,1.00,1.00
2017.11.07 23:17:29.926,8.38837,8.39049,1.00,1.00
2017.11.07 23:17:31.212,8.38836,8.39049,1.00,1.00
2017.11.07 23:17:38.147,8.38842,8.39054,1.00,1.00
2017.11.07 23:17:39.445,8.38841,8.39053,1.00,1.00
2017.11.07 23:17:44.956,8.38841,8.39052,1.00,1.00
2017.11.07 23:17:51.752,8.38841,8.39054,1.00,1.00
2017.11.07 23:17:52.065,8.38837,8.3905,1.00,1.00
2017.11.07 23:17:54.150,8.38831,8.39044,1.00,1.00
2017.11.07 23:17:54.455,8.38829,8.39042,1.00,1.00
2017.11.07 23:17:54.768,8.38822,8.39025,1.00,1.00
2017.11.07 23:17:54.820,8.38807,8.3902,1.00,1.00
2017.11.07 23:17:54.871,8.38811,8.39024,1.00,1.00
2017.11.07 23:17:55.187,8.38837,8.39048,1.00,1.00
2017.11.07 23:17:59.986,8.38836,8.39048,1.00,1.00
2017.11.07 23:18:01.273,8.38834,8.39046,1.00,1.00
2017.11.07 23:18:04.860,8.38838,8.3905,1.00,1.00
2017.11.07 23:18:05.782,8.38833,8.39045,1.00,1.00
2017.11.07 23:18:06.782,8.38833,8.39044,1.00,1.00
2017.11.07 23:18:09.322,8.38838,8.39049,1.00,1.00
2017.11.07 23:18:10.029,8.38833,8.39044,1.00,1.00
2017.11.07 23:18:10.374,8.38838,8.39049,1.00,1.00
2017.11.07 23:18:10.720,8.38828,8.39036,1.00,1.00
2017.11.07 23:18:11.146,8.38841,8.39037,1.00,1.00
2017.11.07 23:18:11.247,8.38823,8.39048,1.00,1.00
2017.11.07 23:18:11.496,8.38848,8.39054,1.00,1.00
2017.11.07 23:18:12.295,8.38844,8.3905,1.00,1.00
2017.11.07 23:18:12.988,8.38848,8.39054,1.00,1.00
2017.11.07 23:18:13.526,8.38841,8.39048,1.00,1.00
2017.11.07 23:18:13.628,8.38848,8.39054,1.00,1.00
2017.11.07 23:18:13.996,8.38839,8.39045,1.00,1.00
2017.11.07 23:18:14.535,8.38845,8.39051,1.00,1.00
2017.11.07 23:18:14.927,8.38841,8.39048,1.00,1.00
2017.11.07 23:18:14.978,8.38846,8.39053,1.00,1.00
2017.11.07 23:18:15.029,8.38846,8.39056,1.00,1.00
2017.11.07 23:18:15.080,8.38842,8.3905,1.00,1.00
2017.11.07 23:18:15.454,8.38851,8.3906,1.00,1.00
2017.11.07 23:18:15.647,8.38841,8.39051,1.00,1.00
2017.11.07 23:18:15.698,8.38848,8.39057,1.00,1.00
2017.11.07 23:18:15.951,8.38843,8.39053,1.00,1.00
2017.11.07 23:18:16.002,8.38851,8.3906,1.00,1.00
2017.11.07 23:18:16.103,8.38846,8.39056,1.00,1.00
2017.11.07 23:18:16.252,8.38841,8.39051,1.00,1.00
2017.11.07 23:18:16.555,8.38844,8.39054,1.00,1.00
2017.11.07 23:18:17.198,8.38826,8.39035,1.00,1.00
2017.11.07 23:18:17.250,8.38827,8.39037,1.00,1.00
2017.11.07 23:18:17.301,8.38825,8.39035,1.00,1.00
2017.11.07 23:18:17.604,8.38827,8.39034,1.00,1.00
2017.11.07 23:18:19.151,8.38841,8.39051,1.00,1.00
2017.11.07 23:18:19.253,8.38838,8.39047,1.00,1.00
2017.11.07 23:18:20.235,8.38842,8.39051,1.00,1.00
2017.11.07 23:18:21.812,8.38842,8.39052,1.00,1.00
2017.11.07 23:18:22.345,8.38838,8.39047,1.00,1.00
2017.11.07 23:18:22.497,8.38832,8.39042,1.00,1.00
2017.11.07 23:18:24.564,8.38835,8.39045,1.00,1.00
2017.11.07 23:18:25.651,8.38847,8.39057,1.00,1.00
2017.11.07 23:18:26.058,8.38836,8.39046,1.00,1.00
2017.11.07 23:18:27.890,8.3884,8.39049,1.00,1.00
2017.11.07 23:18:27.941,8.38832,8.39042,1.00,1.00
2017.11.07 23:18:30.046,8.38832,8.39039,1.00,1.00
2017.11.07 23:18:30.737,8.38845,8.39051,1.00,1.00
2017.11.07 23:18:31.278,8.38846,8.39052,1.00,1.00
2017.11.07 23:18:31.599,8.38843,8.39049,1.00,1.00
2017.11.07 23:18:32.391,8.38847,8.39051,1.00,1.00
2017.11.07 23:18:32.442,8.38836,8.39041,1.00,1.00
2017.11.07 23:18:32.493,8.38843,8.39049,1.00,1.00
2017.11.07 23:18:32.595,8.38846,8.39052,1.00,1.00
2017.11.07 23:18:33.109,8.38838,8.39044,1.00,1.00
2017.11.07 23:18:34.820,8.38834,8.3904,1.00,1.00
2017.11.07 23:18:35.122,8.38828,8.39034,1.00,1.00
2017.11.07 23:18:35.593,8.38822,8.39028,1.00,1.00
2017.11.07 23:18:37.223,8.38819,8.39026,1.00,1.00
2017.11.07 23:18:38.674,8.38826,8.39033,1.00,1.00
2017.11.07 23:18:39.033,8.38819,8.39026,1.00,1.00
2017.11.07 23:18:42.463,8.38826,8.39033,1.00,1.00
2017.11.07 23:18:42.807,8.3883,8.39037,1.00,1.00
2017.11.07 23:18:43.378,8.38822,8.39028,1.00,1.00
2017.11.07 23:18:44.711,8.38826,8.39033,1.00,1.00
2017.11.07 23:18:44.973,8.38819,8.39026,1.00,1.00
2017.11.07 23:18:45.276,8.38821,8.39019,1.00,1.00
2017.11.07 23:18:45.327,8.38826,8.39026,1.00,1.00
2017.11.07 23:18:45.378,8.3882,8.3902,1.00,1.00
2017.11.07 23:18:45.816,8.3883,8.3903,1.00,1.00
2017.11.07 23:18:46.197,8.38835,8.39035,1.00,1.00
2017.11.07 23:18:46.679,8.38831,8.3903,1.00,1.00
2017.11.07 23:18:46.948,8.38824,8.39024,1.00,1.00
2017.11.07 23:18:50.587,8.38823,8.39023,1.00,1.00
2017.11.07 23:18:50.638,8.38841,8.39041,1.00,1.00
2017.11.07 23:18:51.021,8.38838,8.39038,1.00,1.00
2017.11.07 23:18:51.634,8.38838,8.39037,1.00,1.00
2017.11.07 23:18:53.000,8.38787,8.38986,1.00,1.00
2017.11.07 23:18:53.153,8.3878,8.3898,1.00,1.00
2017.11.07 23:18:54.635,8.3878,8.38979,1.00,1.00
2017.11.07 23:18:55.765,8.38777,8.38974,1.00,1.00
2017.11.07 23:18:56.724,8.38779,8.38978,1.00,1.00
2017.11.07 23:18:57.280,8.38773,8.38972,1.00,1.00
2017.11.07 23:18:57.594,8.38771,8.3897,1.00,1.00
2017.11.07 23:18:58.856,8.38776,8.38975,1.00,1.00
2017.11.07 23:18:59.509,8.38771,8.3897,1.00,1.00
2017.11.07 23:18:59.725,8.38775,8.38975,1.00,1.00
2017.11.07 23:19:00.029,8.38771,8.3897,1.00,1.00
2017.11.07 23:19:00.131,8.38771,8.38976,1.00,1.00
2017.11.07 23:19:01.115,8.38703,8.38907,1.00,1.00
2017.11.07 23:19:01.646,8.38702,8.38907,1.00,1.00
2017.11.07 23:19:02.586,8.38708,8.38912,1.00,1.00
2017.11.07 23:19:02.749,8.38702,8.38907,1.00,1.00
2017.11.07 23:19:02.801,8.38708,8.38912,1.00,1.00
2017.11.07 23:19:02.960,8.38702,8.38907,1.00,1.00
2017.11.07 23:19:03.657,8.38706,8.38911,1.00,1.00
2017.11.07 23:19:03.963,8.38713,8.38918,1.00,1.00
2017.11.07 23:19:05.600,8.38733,8.38938,1.00,1.00
2017.11.07 23:19:05.903,8.38727,8.38932,1.00,1.00
2017.11.07 23:19:06.941,8.38727,8.38927,1.00,1.00
2017.11.07 23:19:07.129,8.38723,8.38924,1.00,1.00
2017.11.07 23:19:08.505,8.38714,8.38915,1.00,1.00
2017.11.07 23:19:08.811,8.3867,8.38894,1.00,1.00
2017.11.07 23:19:08.862,8.3867,8.38905,1.00,1.00
2017.11.07 23:19:08.963,8.3867,8.38908,1.00,1.00
2017.11.07 23:19:09.014,8.3867,8.38904,1.00,1.00
2017.11.07 23:19:09.317,8.3867,8.38887,1.00,1.00
2017.11.07 23:19:09.368,8.3867,8.38906,1.00,1.00
2017.11.07 23:19:10.412,8.3867,8.3891,1.00,1.00
2017.11.07 23:19:10.463,8.3867,8.38908,1.00,1.00
2017.11.07 23:19:10.766,8.38703,8.38903,1.00,1.00
2017.11.07 23:19:11.511,8.38699,8.38899,1.00,1.00
2017.11.07 23:19:11.562,8.38676,8.38877,1.00,1.00
2017.11.07 23:19:11.613,8.38654,8.38854,1.00,1.00
2017.11.07 23:19:11.917,8.38638,8.38826,1.00,1.00
2017.11.07 23:19:12.097,8.38613,8.38828,1.00,1.00
2017.11.07 23:19:12.148,8.38627,8.38828,1.00,1.00
2017.11.07 23:19:12.627,8.38631,8.38828,1.00,1.00
2017.11.07 23:19:13.006,8.38628,8.38824,1.00,1.00
2017.11.07 23:19:13.588,8.38627,8.38824,1.00,1.00
2017.11.07 23:19:13.928,8.38631,8.38828,1.00,1.00
2017.11.07 23:19:14.670,8.38632,8.38829,1.00,1.00
2017.11.07 23:19:15.006,8.38648,8.38845,1.00,1.00
2017.11.07 23:19:15.568,8.38648,8.38844,1.00,1.00
2017.11.07 23:19:16.143,8.38636,8.38832,1.00,1.00
2017.11.07 23:19:17.165,8.38629,8.38825,1.00,1.00
2017.11.07 23:19:18.217,8.38612,8.38843,1.00,1.00
2017.11.07 23:19:18.318,8.38612,8.38838,1.00,1.00
2017.11.07 23:19:18.628,8.3862,8.38825,1.00,1.00
2017.11.07 23:19:18.979,8.38605,8.3881,1.00,1.00
2017.11.07 23:19:19.320,8.38622,8.38827,1.00,1.00
2017.11.07 23:19:19.702,8.38629,8.38833,1.00,1.00
2017.11.07 23:19:21.535,8.38634,8.38837,1.00,1.00
2017.11.07 23:19:21.932,8.38634,8.38828,1.00,1.00
2017.11.07 23:19:24.075,8.38588,8.38792,1.00,1.00
2017.11.07 23:19:24.382,8.38588,8.38824,1.00,1.00
2017.11.07 23:19:24.586,8.38612,8.38831,1.00,1.00
2017.11.07 23:19:24.637,8.38612,8.38835,1.00,1.00
2017.11.07 23:19:24.738,8.38612,8.3883,1.00,1.00
2017.11.07 23:19:25.135,8.3862,8.38838,1.00,1.00
2017.11.07 23:19:25.438,8.38612,8.38834,1.00,1.00
2017.11.07 23:19:26.958,8.38622,8.38847,1.00,1.00
2017.11.07 23:19:27.009,8.38634,8.38852,1.00,1.00
2017.11.07 23:19:27.060,8.38634,8.38868,1.00,1.00
2017.11.07 23:19:27.111,8.38634,8.38865,1.00,1.00
2017.11.07 23:19:27.526,8.38634,8.38837,1.00,1.00
2017.11.07 23:19:28.536,8.38634,8.38842,1.00,1.00
2017.11.07 23:19:28.638,8.38634,8.38847,1.00,1.00
2017.11.07 23:19:28.689,8.38634,8.38842,1.00,1.00
2017.11.07 23:19:29.443,8.38634,8.3884,1.00,1.00
2017.11.07 23:19:30.893,8.38634,8.38845,1.00,1.00
2017.11.07 23:19:31.536,8.38648,8.38848,1.00,1.00
2017.11.07 23:19:33.734,8.38652,8.38853,1.00,1.00
2017.11.07 23:19:33.785,8.38662,8.38862,1.00,1.00
2017.11.07 23:19:33.937,8.3865,8.38856,1.00,1.00
2017.11.07 23:19:34.316,8.38671,8.38863,1.00,1.00
2017.11.07 23:19:35.430,8.38665,8.38857,1.00,1.00
2017.11.07 23:19:36.911,8.38659,8.38851,1.00,1.00
2017.11.07 23:19:36.963,8.38659,8.38863,1.00,1.00
2017.11.07 23:19:37.016,8.38655,8.38859,1.00,1.00
2017.11.07 23:19:37.218,8.38666,8.38871,1.00,1.00
2017.11.07 23:19:37.371,8.38663,8.38867,1.00,1.00
2017.11.07 23:19:37.421,8.38666,8.38871,1.00,1.00
2017.11.07 23:19:37.498,8.38663,8.38867,1.00,1.00
2017.11.07 23:19:37.600,8.38666,8.38871,1.00,1.00
2017.11.07 23:19:37.752,8.38664,8.38866,1.00,1.00
2017.11.07 23:19:37.904,8.38655,8.38859,1.00,1.00
2017.11.07 23:19:38.171,8.38652,8.38856,1.00,1.00
2017.11.07 23:19:38.222,8.38659,8.38864,1.00,1.00
2017.11.07 23:19:38.380,8.38655,8.38857,1.00,1.00
2017.11.07 23:19:42.747,8.38648,8.38852,1.00,1.00
2017.11.07 23:19:42.866,8.38652,8.38856,1.00,1.00
2017.11.07 23:19:42.968,8.38609,8.38815,1.00,1.00
2017.11.07 23:19:43.019,8.38606,8.38815,1.00,1.00
2017.11.07 23:19:43.323,8.38611,8.38818,1.00,1.00
2017.11.07 23:19:43.910,8.38612,8.38818,1.00,1.00
2017.11.07 23:19:44.196,8.38613,8.38823,1.00,1.00
2017.11.07 23:19:44.841,8.386,8.38807,1.00,1.00
2017.11.07 23:19:44.943,8.38595,8.38804,1.00,1.00
2017.11.07 23:19:45.197,8.38595,8.388,1.00,1.00
2017.11.07 23:19:45.788,8.386,8.38806,1.00,1.00
2017.11.07 23:19:48.819,8.38595,8.38801,1.00,1.00
2017.11.07 23:19:49.392,8.38602,8.38808,1.00,1.00
2017.11.07 23:19:49.749,8.38599,8.38803,1.00,1.00
2017.11.07 23:19:51.322,8.38625,8.38829,1.00,1.00
2017.11.07 23:19:51.373,8.38632,8.38838,1.00,1.00
2017.11.07 23:19:51.424,8.38628,8.38834,1.00,1.00
2017.11.07 23:19:51.792,8.3864,8.38846,1.00,1.00
2017.11.07 23:19:52.096,8.38635,8.38842,1.00,1.00
2017.11.07 23:19:54.183,8.38647,8.38853,1.00,1.00
2017.11.07 23:19:54.753,8.38647,8.38854,1.00,1.00
2017.11.07 23:19:58.117,8.38643,8.3885,1.00,1.00
2017.11.07 23:20:00.226,8.38644,8.38851,1.00,1.00
2017.11.07 23:20:00.423,8.38647,8.38856,1.00,1.00
2017.11.07 23:20:01.004,8.38653,8.38862,1.00,1.00
2017.11.07 23:20:01.055,8.38657,8.38867,1.00,1.00
2017.11.07 23:20:01.276,8.38663,8.38873,1.00,1.00
2017.11.07 23:20:01.608,8.38644,8.38851,1.00,1.00
2017.11.07 23:20:01.951,8.38644,8.38854,1.00,1.00
2017.11.07 23:20:02.102,8.3864,8.38849,1.00,1.00
2017.11.07 23:20:03.305,8.38642,8.38851,1.00,1.00
2017.11.07 23:20:03.964,8.38638,8.38847,1.00,1.00
2017.11.07 23:20:07.025,8.38638,8.38843,1.00,1.00
2017.11.07 23:20:07.415,8.38644,8.3885,1.00,1.00
2017.11.07 23:20:09.751,8.38644,8.38849,1.00,1.00
2017.11.07 23:20:10.773,8.38661,8.38849,1.00,1.00
2017.11.07 23:20:11.758,8.38661,8.38853,1.00,1.00
2017.11.07 23:20:13.369,8.38655,8.38846,1.00,1.00
2017.11.07 23:20:14.972,8.3866,8.38852,1.00,1.00
2017.11.07 23:20:15.289,8.3866,8.3885,1.00,1.00
2017.11.07 23:20:16.252,8.38656,8.38845,1.00,1.00
2017.11.07 23:20:16.404,8.38627,8.38817,1.00,1.00
2017.11.07 23:20:16.506,8.38631,8.38821,1.00,1.00
2017.11.07 23:20:16.834,8.38645,8.38835,1.00,1.00
2017.11.07 23:20:17.137,8.3866,8.3885,1.00,1.00
2017.11.07 23:20:17.587,8.38653,8.38841,1.00,1.00
2017.11.07 23:20:21.375,8.38647,8.38837,1.00,1.00
2017.11.07 23:20:21.426,8.38655,8.38845,1.00,1.00
2017.11.07 23:20:21.777,8.38663,8.38851,1.00,1.00
2017.11.07 23:20:21.866,8.38658,8.38848,1.00,1.00
2017.11.07 23:20:22.055,8.38658,8.38846,1.00,1.00
2017.11.07 23:20:22.370,8.38663,8.38849,1.00,1.00
2017.11.07 23:20:22.911,8.38658,8.38846,1.00,1.00
2017.11.07 23:20:23.012,8.38652,8.3884,1.00,1.00
2017.11.07 23:20:24.806,8.38649,8.38837,1.00,1.00
2017.11.07 23:20:25.751,8.38656,8.38844,1.00,1.00
2017.11.07 23:20:26.315,8.38663,8.3885,1.00,1.00
2017.11.07 23:20:26.616,8.38657,8.38844,1.00,1.00
2017.11.07 23:20:27.314,8.38652,8.38839,1.00,1.00
2017.11.07 23:20:27.670,8.38646,8.38832,1.00,1.00
2017.11.07 23:20:27.721,8.38652,8.3884,1.00,1.00
2017.11.07 23:20:30.289,8.38652,8.38843,1.00,1.00
2017.11.07 23:20:30.820,8.38656,8.38847,1.00,1.00
2017.11.07 23:20:31.575,8.38657,8.38848,1.00,1.00
2017.11.07 23:20:36.782,8.38653,8.38844,1.00,1.00
2017.11.07 23:20:37.086,8.38652,8.38846,1.00,1.00
2017.11.07 23:20:39.810,8.38649,8.38843,1.00,1.00
2017.11.07 23:20:40.124,8.38647,8.38841,1.00,1.00
2017.11.07 23:20:40.582,8.38666,8.3886,1.00,1.00
2017.11.07 23:20:40.894,8.38675,8.38869,1.00,1.00
2017.11.07 23:20:41.703,8.38675,8.38868,1.00,1.00
2017.11.07 23:20:44.266,8.3868,8.38873,1.00,1.00
2017.11.07 23:20:44.570,8.38715,8.38909,1.00,1.00
2017.11.07 23:20:44.672,8.3872,8.38913,1.00,1.00
2017.11.07 23:20:44.824,8.38704,8.38924,1.00,1.00
2017.11.07 23:20:44.977,8.38704,8.38915,1.00,1.00
2017.11.07 23:20:45.028,8.38681,8.38898,1.00,1.00
2017.11.07 23:20:45.130,8.38681,8.38894,1.00,1.00
2017.11.07 23:20:45.181,8.38662,8.38884,1.00,1.00
2017.11.07 23:20:45.232,8.38662,8.38879,1.00,1.00
2017.11.07 23:20:45.333,8.38662,8.38885,1.00,1.00
2017.11.07 23:20:45.536,8.38662,8.38878,1.00,1.00
2017.11.07 23:20:46.057,8.38684,8.38877,1.00,1.00
2017.11.07 23:20:54.839,8.38685,8.38877,1.00,1.00
2017.11.07 23:20:55.166,8.38647,8.3884,1.00,1.00
2017.11.07 23:20:55.217,8.38653,8.38845,1.00,1.00
2017.11.07 23:20:55.549,8.38656,8.38847,1.00,1.00
2017.11.07 23:20:55.701,8.38651,8.38844,1.00,1.00
2017.11.07 23:21:00.349,8.38651,8.38842,1.00,1.00
2017.11.07 23:21:00.685,8.38657,8.38847,1.00,1.00
2017.11.07 23:21:01.102,8.38652,8.38842,1.00,1.00
2017.11.07 23:21:01.256,8.38658,8.38849,1.00,1.00
2017.11.07 23:21:03.197,8.38654,8.38844,1.00,1.00
2017.11.07 23:21:04.492,8.38665,8.38855,1.00,1.00
2017.11.07 23:21:04.858,8.3868,8.38871,1.00,1.00
2017.11.07 23:21:04.910,8.38685,8.38876,1.00,1.00
2017.11.07 23:21:05.383,8.3868,8.3887,1.00,1.00
2017.11.07 23:21:05.738,8.38675,8.3886,1.00,1.00
2017.11.07 23:21:06.341,8.3864,8.38868,1.00,1.00
2017.11.07 23:21:06.442,8.38669,8.38862,1.00,1.00
2017.11.07 23:21:06.783,8.38639,8.38863,1.00,1.00
2017.11.07 23:21:06.834,8.38641,8.38869,1.00,1.00
2017.11.07 23:21:06.942,8.38639,8.3886,1.00,1.00
2017.11.07 23:21:08.751,8.38639,8.38852,1.00,1.00
2017.11.07 23:21:09.062,8.38639,8.38847,1.00,1.00
2017.11.07 23:21:09.479,8.38639,8.38843,1.00,1.00
2017.11.07 23:21:09.530,8.38639,8.38849,1.00,1.00
2017.11.07 23:21:09.632,8.38649,8.3884,1.00,1.00
2017.11.07 23:21:10.086,8.38619,8.38839,1.00,1.00
2017.11.07 23:21:10.137,8.38619,8.38843,1.00,1.00
2017.11.07 23:21:10.188,8.38619,8.38839,1.00,1.00
2017.11.07 23:21:10.492,8.38649,8.38839,1.00,1.00
2017.11.07 23:21:10.543,8.38619,8.38839,1.00,1.00
2017.11.07 23:21:10.594,8.38649,8.38839,1.00,1.00
2017.11.07 23:21:10.988,8.38619,8.38844,1.00,1.00
2017.11.07 23:21:11.192,8.38619,8.38838,1.00,1.00
2017.11.07 23:21:11.243,8.38619,8.38844,1.00,1.00
2017.11.07 23:21:11.473,8.38655,8.38844,1.00,1.00
2017.11.07 23:21:11.524,8.38643,8.38844,1.00,1.00
2017.11.07 23:21:11.794,8.3862,8.38844,1.00,1.00
2017.11.07 23:21:11.845,8.38648,8.38839,1.00,1.00
2017.11.07 23:21:12.026,8.38619,8.38841,1.50,1.00
2017.11.07 23:21:12.133,8.38653,8.38841,1.00,1.00
2017.11.07 23:21:12.184,8.38619,8.38841,1.00,1.00
2017.11.07 23:21:12.386,8.38619,8.38835,1.00,1.00
2017.11.07 23:21:13.282,8.38647,8.38835,1.00,1.00
2017.11.07 23:21:15.414,8.38619,8.38839,1.00,1.00
2017.11.07 23:21:15.858,8.38619,8.38836,1.00,1.00
2017.11.07 23:21:16.100,8.38619,8.38847,1.00,1.00
2017.11.07 23:21:20.318,8.3866,8.38854,1.00,1.00
2017.11.07 23:21:21.101,8.38657,8.38851,1.00,1.00
2017.11.07 23:21:24.900,8.38659,8.38851,1.00,1.00
2017.11.07 23:21:26.502,8.38655,8.38849,1.00,1.00
2017.11.07 23:21:26.897,8.38619,8.38833,1.00,1.00
2017.11.07 23:21:27.087,8.38643,8.38834,1.00,1.00
2017.11.07 23:21:27.631,8.38619,8.38843,1.00,1.00
2017.11.07 23:21:28.018,8.38672,8.38859,1.00,1.00
2017.11.07 23:21:29.596,8.3868,8.38868,1.00,1.00
2017.11.07 23:21:30.063,8.38672,8.3886,1.00,1.00
2017.11.07 23:21:30.411,8.38672,8.38862,1.00,1.00
2017.11.07 23:21:31.899,8.38678,8.38867,1.00,1.00
2017.11.07 23:21:32.223,8.38687,8.38876,1.00,1.00
2017.11.07 23:21:34.391,8.38681,8.3887,1.00,1.00
2017.11.07 23:21:35.537,8.38676,8.38865,1.00,1.00
2017.11.07 23:21:37.205,8.38676,8.38867,1.00,1.00
2017.11.07 23:21:39.929,8.38674,8.38865,1.00,1.00
2017.11.07 23:21:42.192,8.3868,8.38871,1.00,1.00
2017.11.07 23:21:42.665,8.38676,8.38867,1.00,1.00
2017.11.07 23:21:43.005,8.38645,8.38837,1.00,1.00
2017.11.07 23:21:43.056,8.38628,8.38825,1.00,1.00
2017.11.07 23:21:43.107,8.3862,8.38828,1.00,1.00
2017.11.07 23:21:43.208,8.3862,8.38825,1.00,1.00
2017.11.07 23:21:43.757,8.3862,8.38829,1.00,1.00
2017.11.07 23:21:44.250,8.3862,8.38821,1.00,1.00
2017.11.07 23:21:44.331,8.3862,8.38827,1.00,1.00
2017.11.07 23:21:44.433,8.3862,8.38819,1.00,1.00
2017.11.07 23:21:45.172,8.38643,8.38829,1.00,1.00
2017.11.07 23:21:46.726,8.38642,8.38829,1.00,1.00
2017.11.07 23:21:47.693,8.38648,8.38834,1.00,1.00
2017.11.07 23:21:49.900,8.3865,8.38837,1.00,1.00
2017.11.07 23:21:49.951,8.3866,8.38845,1.00,1.00
2017.11.07 23:21:50.002,8.38663,8.3885,1.00,1.00
2017.11.07 23:21:50.768,8.38658,8.38844,1.00,1.00
2017.11.07 23:21:51.265,8.38652,8.38838,1.00,1.00
2017.11.07 23:21:51.437,8.38656,8.38843,1.00,1.00
2017.11.07 23:21:51.488,8.38647,8.38833,1.00,1.00
2017.11.07 23:21:51.606,8.38621,8.38837,1.00,1.00
2017.11.07 23:21:51.657,8.38621,8.38821,1.00,1.00
2017.11.07 23:21:51.708,8.38621,8.3883,1.00,1.00
2017.11.07 23:21:51.759,8.3865,8.38835,1.00,1.00
2017.11.07 23:21:52.080,8.38642,8.38827,1.00,1.00
2017.11.07 23:21:52.756,8.3865,8.38835,1.00,1.00
2017.11.07 23:21:52.812,8.38627,8.38855,1.00,1.00
2017.11.07 23:21:53.068,8.3867,8.38855,1.00,1.00
2017.11.07 23:21:54.050,8.38665,8.3885,1.00,1.00
2017.11.07 23:21:54.101,8.38647,8.38833,1.00,1.00
2017.11.07 23:21:54.307,8.38641,8.38826,1.00,1.00
2017.11.07 23:21:54.959,8.38642,8.38827,1.00,1.00
2017.11.07 23:21:55.274,8.38651,8.38835,1.00,1.00
2017.11.07 23:21:55.606,8.38643,8.38827,1.00,1.00
2017.11.07 23:22:00.205,8.38647,8.38832,1.00,1.00
2017.11.07 23:22:00.470,8.38647,8.38837,1.00,1.00
2017.11.07 23:22:00.571,8.38642,8.38832,1.00,1.00
2017.11.07 23:22:08.861,8.38648,8.38838,1.00,1.00
2017.11.07 23:22:09.272,8.38628,8.38859,1.00,1.00
2017.11.07 23:22:09.374,8.38664,8.38859,1.00,1.00
2017.11.07 23:22:10.312,8.38667,8.38855,1.00,1.00
2017.11.07 23:22:11.023,8.38631,8.38855,1.00,1.00
2017.11.07 23:22:11.074,8.38665,8.38854,1.00,1.00
2017.11.07 23:22:15.500,8.38667,8.38855,1.00,1.00
2017.11.07 23:22:16.785,8.38664,8.38853,1.00,1.00
2017.11.07 23:22:22.296,8.38664,8.38857,1.00,1.00
2017.11.07 23:22:24.870,8.38662,8.38854,1.00,1.00
2017.11.07 23:22:29.444,8.38644,8.38836,1.00,1.00
2017.11.07 23:22:30.167,8.38638,8.3883,1.00,1.00
2017.11.07 23:22:30.530,8.38645,8.38832,1.00,1.00
2017.11.07 23:22:31.816,8.38643,8.38828,1.00,1.00
2017.11.07 23:22:32.686,8.38639,8.38826,1.00,1.00
2017.11.07 23:22:32.934,8.38644,8.3883,1.00,1.00
2017.11.07 23:22:33.948,8.3864,8.38826,1.00,1.00
2017.11.07 23:22:34.050,8.38617,8.38804,1.00,1.00
2017.11.07 23:22:34.101,8.38612,8.38798,1.00,1.00
2017.11.07 23:22:34.152,8.38608,8.38795,1.00,1.00
2017.11.07 23:22:34.303,8.38605,8.38792,1.00,1.00
2017.11.07 23:22:34.734,8.38604,8.38789,1.00,1.00
2017.11.07 23:22:34.962,8.38597,8.38783,1.00,1.00
2017.11.07 23:22:35.160,8.38606,8.38791,1.00,1.00
2017.11.07 23:22:35.499,8.38608,8.38793,1.00,1.00
2017.11.07 23:22:35.899,8.38597,8.38781,1.00,1.00
2017.11.07 23:22:36.046,8.38601,8.38787,1.00,1.00
2017.11.07 23:22:36.437,8.38606,8.38792,1.00,1.00
2017.11.07 23:22:37.325,8.38615,8.38799,1.00,1.00
2017.11.07 23:22:37.427,8.3861,8.38795,1.00,1.00
2017.11.07 23:22:40.049,8.38607,8.38792,1.00,1.00
2017.11.07 23:22:40.467,8.38605,8.3879,1.00,1.00
2017.11.07 23:22:42.222,8.38602,8.38787,1.00,1.00
2017.11.07 23:22:42.512,8.38565,8.38779,1.00,1.00
2017.11.07 23:22:42.563,8.38543,8.38753,1.00,1.00
2017.11.07 23:22:42.867,8.3857,8.38755,1.00,1.00
2017.11.07 23:22:42.919,8.38565,8.38758,1.00,1.00
2017.11.07 23:22:42.970,8.38544,8.38758,1.00,1.00
2017.11.07 23:22:43.020,8.38555,8.38747,1.00,1.00
2017.11.07 23:22:43.122,8.38544,8.38755,1.00,1.00
2017.11.07 23:22:43.173,8.38586,8.38771,1.00,1.00
2017.11.07 23:22:43.477,8.38594,8.38779,1.00,1.00
2017.11.07 23:22:44.024,8.38603,8.38788,1.00,1.00
2017.11.07 23:22:45.560,8.38604,8.38789,1.00,1.00
2017.11.07 23:22:46.847,8.38606,8.38789,1.00,1.00
2017.11.07 23:22:47.538,8.38602,8.38785,1.00,1.00
2017.11.07 23:22:47.713,8.386,8.38785,1.00,1.00
2017.11.07 23:22:47.764,8.38596,8.38781,1.00,1.00
2017.11.07 23:22:48.187,8.38592,8.38775,1.00,1.00
2017.11.07 23:22:49.348,8.38565,8.38781,1.00,1.00
2017.11.07 23:22:49.709,8.38588,8.3878,1.00,1.00
2017.11.07 23:22:50.040,8.38597,8.38787,1.00,1.00
2017.11.07 23:22:50.091,8.38601,8.38793,1.00,1.00
2017.11.07 23:22:51.283,8.38597,8.38789,1.00,1.00
2017.11.07 23:22:51.916,8.38601,8.38793,1.00,1.00
2017.11.07 23:22:52.390,8.38609,8.38794,1.00,1.00
2017.11.07 23:22:53.870,8.38613,8.38798,1.00,1.00
2017.11.07 23:22:54.727,8.38603,8.38788,1.00,1.00
2017.11.07 23:22:56.381,8.38603,8.38789,1.00,1.00
2017.11.07 23:22:56.593,8.3857,8.38785,1.00,1.00
2017.11.07 23:22:56.846,8.38589,8.38784,1.00,1.00
2017.11.07 23:22:58.254,8.38604,8.38789,1.00,1.00
2017.11.07 23:22:58.675,8.38608,8.38793,1.00,1.00
2017.11.07 23:23:01.909,8.38607,8.38792,1.00,1.00
2017.11.07 23:23:03.003,8.38565,8.38767,1.00,1.00
2017.11.07 23:23:03.107,8.38582,8.38767,1.00,1.00
2017.11.07 23:23:07.385,8.38582,8.38768,1.00,1.00
2017.11.07 23:23:08.012,8.38587,8.38773,1.00,1.00
2017.11.07 23:23:09.983,8.38585,8.38768,1.00,1.00
2017.11.07 23:23:10.609,8.38579,8.38765,1.00,1.00
2017.11.07 23:23:10.774,8.38575,8.3876,1.00,1.00
2017.11.07 23:23:11.829,8.38581,8.38767,1.00,1.00
2017.11.07 23:23:12.514,8.38572,8.38758,1.00,1.00
2017.11.07 23:23:13.063,8.38577,8.3876,1.00,1.00
2017.11.07 23:23:15.620,8.38579,8.38764,1.00,1.00
2017.11.07 23:23:16.905,8.38576,8.38762,1.00,1.00
2017.11.07 23:23:17.309,8.38571,8.38756,1.00,1.00
2017.11.07 23:23:17.625,8.3858,8.38765,1.00,1.00
2017.11.07 23:23:22.163,8.38575,8.38761,1.00,1.00
2017.11.07 23:23:22.465,8.38573,8.38758,1.00,1.00
2017.11.07 23:23:23.157,8.38571,8.38757,1.00,1.00
2017.11.07 23:23:25.139,8.38571,8.38756,1.00,1.00
2017.11.07 23:23:25.517,8.38574,8.3876,1.00,1.00
2017.11.07 23:23:25.669,8.38571,8.38756,1.00,1.00
2017.11.07 23:23:29.639,8.38576,8.38761,1.00,1.00
2017.11.07 23:23:30.156,8.38577,8.38762,1.00,1.00
2017.11.07 23:23:30.459,8.38573,8.38758,1.00,1.00
2017.11.07 23:23:30.700,8.38559,8.38745,1.00,1.00
2017.11.07 23:23:30.751,8.38555,8.38741,1.00,1.00
2017.11.07 23:23:31.056,8.38557,8.38743,1.00,1.00
2017.11.07 23:23:31.360,8.38545,8.38729,1.00,1.00
2017.11.07 23:23:31.818,8.38536,8.38722,1.00,1.00
2017.11.07 23:23:31.869,8.38532,8.38715,1.00,1.00
2017.11.07 23:23:32.055,8.38532,8.38718,1.00,1.00
2017.11.07 23:23:32.107,8.38506,8.38692,1.00,1.00
2017.11.07 23:23:32.410,8.38469,8.38664,1.00,1.00
2017.11.07 23:23:32.461,8.38464,8.38659,1.00,1.00
2017.11.07 23:23:32.818,8.38454,8.38649,1.00,1.00
2017.11.07 23:23:33.146,8.38465,8.3866,1.00,1.00
2017.11.07 23:23:33.670,8.38471,8.38666,1.00,1.00
2017.11.07 23:23:33.721,8.38454,8.38666,1.00,1.00
2017.11.07 23:23:33.773,8.38454,8.38668,1.00,1.00
2017.11.07 23:23:33.925,8.38454,8.38657,1.00,1.00
2017.11.07 23:23:34.155,8.38427,8.38645,1.00,1.00
2017.11.07 23:23:34.352,8.38448,8.3866,1.00,1.00
2017.11.07 23:23:35.052,8.38472,8.38665,1.00,1.00
2017.11.07 23:23:35.604,8.38467,8.38653,1.00,1.00
2017.11.07 23:23:37.446,8.38472,8.38662,1.00,1.00
2017.11.07 23:23:37.547,8.38477,8.38665,1.00,1.00
2017.11.07 23:23:37.648,8.38484,8.38673,1.00,1.00
2017.11.07 23:23:37.699,8.38489,8.38679,1.00,1.00
2017.11.07 23:23:37.801,8.38485,8.38675,1.00,1.00
2017.11.07 23:23:38.053,8.38471,8.38674,1.00,1.00
2017.11.07 23:23:38.205,8.38481,8.38685,1.00,1.00
2017.11.07 23:23:38.307,8.38487,8.3869,1.00,1.00
2017.11.07 23:23:38.638,8.38487,8.38671,1.00,1.00
2017.11.07 23:23:38.989,8.38452,8.38638,1.00,1.00
2017.11.07 23:23:39.040,8.38456,8.3864,1.00,1.00
2017.11.07 23:23:39.091,8.38479,8.38665,1.00,1.00
2017.11.07 23:23:39.142,8.38482,8.38666,1.00,1.00
2017.11.07 23:23:39.310,8.38468,8.38654,1.00,1.00
2017.11.07 23:23:39.905,8.38456,8.38642,1.00,1.00
2017.11.07 23:23:40.208,8.38448,8.38632,1.50,1.00
2017.11.07 23:23:40.417,8.38425,8.38633,1.00,1.00
2017.11.07 23:23:40.569,8.38421,8.38626,1.00,1.00
2017.11.07 23:23:41.075,8.38455,8.38641,1.00,1.00
2017.11.07 23:23:41.770,8.38427,8.38613,1.00,1.00
2017.11.07 23:23:42.074,8.38459,8.38645,1.00,1.00
2017.11.07 23:23:43.064,8.3846,8.38642,1.00,1.00
2017.11.07 23:23:43.769,8.38445,8.38629,1.00,1.00
2017.11.07 23:23:43.820,8.38451,8.38635,1.00,1.00
2017.11.07 23:23:43.922,8.38425,8.38638,1.00,1.00
2017.11.07 23:23:43.973,8.38425,8.38652,1.00,1.00
2017.11.07 23:23:44.024,8.38425,8.38649,1.00,1.00
2017.11.07 23:23:44.392,8.38448,8.38644,1.00,1.00
2017.11.07 23:23:44.697,8.38452,8.38647,1.00,1.00
2017.11.07 23:23:46.061,8.38447,8.38631,1.00,1.00
2017.11.07 23:23:46.111,8.38452,8.38643,1.00,1.00
2017.11.07 23:23:46.245,8.38461,8.38651,1.00,1.00
2017.11.07 23:23:46.965,8.38459,8.38649,1.00,1.00
2017.11.07 23:23:47.308,8.38456,8.38646,1.00,1.00
2017.11.07 23:23:48.330,8.38401,8.38617,1.00,1.00
2017.11.07 23:23:48.567,8.38401,8.38612,1.00,1.00
2017.11.07 23:23:48.916,8.38431,8.38615,1.00,1.00
2017.11.07 23:23:49.254,8.38435,8.38619,1.00,1.00
2017.11.07 23:23:50.456,8.38421,8.38648,1.00,1.00
2017.11.07 23:23:50.507,8.38449,8.38633,1.00,1.00
2017.11.07 23:23:50.935,8.38455,8.38639,1.00,1.00
2017.11.07 23:23:50.986,8.38461,8.38651,1.00,1.00
2017.11.07 23:23:52.634,8.38463,8.38654,1.00,1.00
2017.11.07 23:23:52.909,8.38427,8.38654,1.00,1.00
2017.11.07 23:23:53.298,8.3846,8.38654,1.00,1.00
2017.11.07 23:23:53.623,8.38426,8.38652,1.00,1.00
2017.11.07 23:23:53.950,8.38446,8.38635,1.00,1.00
2017.11.07 23:23:54.203,8.38399,8.38605,1.00,1.00
2017.11.07 23:23:54.305,8.38439,8.38631,1.00,1.00
2017.11.07 23:23:54.762,8.38433,8.38625,1.00,1.00
2017.11.07 23:23:55.144,8.38424,8.38616,1.00,1.00
2017.11.07 23:23:55.339,8.38399,8.38618,1.00,1.00
2017.11.07 23:23:55.667,8.38403,8.38627,1.00,1.00
2017.11.07 23:23:55.834,8.38412,8.38636,1.00,1.00
2017.11.07 23:23:56.189,8.38415,8.38639,1.00,1.00
2017.11.07 23:23:56.496,8.3842,8.38644,1.00,1.00
2017.11.07 23:23:58.601,8.38426,8.38649,1.00,1.00
2017.11.07 23:23:59.013,8.38449,8.38635,1.00,1.00
2017.11.07 23:23:59.216,8.38399,8.386,1.00,1.00
2017.11.07 23:23:59.269,8.38399,8.38605,1.00,1.00
2017.11.07 23:23:59.320,8.38399,8.38602,1.00,1.00
2017.11.07 23:23:59.371,8.38401,8.38609,1.00,1.00
2017.11.07 23:24:00.246,8.38399,8.38625,1.00,1.00
2017.11.07 23:24:00.348,8.38404,8.38629,1.00,1.00
2017.11.07 23:24:01.836,8.38415,8.38625,1.00,1.00
2017.11.07 23:24:01.887,8.38408,8.38648,1.00,1.00
2017.11.07 23:24:01.938,8.38406,8.38647,1.00,1.00
2017.11.07 23:24:02.880,8.38422,8.38631,1.50,1.00
2017.11.07 23:24:04.164,8.38422,8.38617,1.00,1.00
2017.11.07 23:24:04.215,8.38422,8.38627,1.00,1.00
2017.11.07 23:24:04.367,8.38422,8.38612,1.00,1.00
2017.11.07 23:24:04.418,8.38404,8.3863,1.00,1.00
2017.11.07 23:24:04.469,8.38419,8.38625,1.00,1.00
2017.11.07 23:24:04.835,8.38433,8.3863,1.00,1.00
2017.11.07 23:24:06.103,8.38433,8.38653,1.00,1.00
2017.11.07 23:24:07.506,8.38433,8.38651,1.00,1.00
2017.11.07 23:24:07.987,8.38461,8.38651,1.00,1.00
2017.11.07 23:24:08.138,8.38411,8.38619,1.00,1.00
2017.11.07 23:24:08.341,8.38411,8.38634,1.00,1.00
2017.11.07 23:24:09.123,8.38411,8.38633,1.00,1.00
2017.11.07 23:24:10.229,8.38411,8.38634,1.00,1.00
2017.11.07 23:24:17.026,8.38411,8.38633,1.00,1.00
2017.11.07 23:24:22.577,8.38412,8.38641,1.00,1.00
2017.11.07 23:24:22.628,8.38412,8.38639,1.00,1.00
2017.11.07 23:24:22.939,8.38411,8.38635,1.00,1.00
2017.11.07 23:24:24.151,8.38411,8.38624,1.50,1.00
2017.11.07 23:24:24.404,8.38413,8.38632,1.00,1.00
2017.11.07 23:24:24.455,8.38413,8.38629,1.00,1.00
2017.11.07 23:24:24.556,8.38411,8.38629,1.00,1.00
2017.11.07 23:24:24.607,8.38411,8.38627,1.00,1.00
2017.11.07 23:24:25.360,8.38411,8.38628,1.00,1.00
2017.11.07 23:24:25.723,8.38411,8.38625,1.00,1.00
2017.11.07 23:24:25.964,8.38392,8.38616,1.00,1.00
2017.11.07 23:24:26.015,8.38392,8.38612,1.00,1.00
2017.11.07 23:24:26.320,8.38392,8.38605,1.00,1.00
2017.11.07 23:24:26.933,8.38393,8.38613,1.00,1.00
2017.11.07 23:24:30.770,8.38392,8.38613,1.00,1.00
2017.11.07 23:24:31.541,8.38391,8.38585,1.00,1.00
2017.11.07 23:24:31.642,8.3837,8.38586,1.00,1.00
2017.11.07 23:24:31.693,8.3837,8.3858,1.00,1.00
2017.11.07 23:24:31.947,8.38342,8.38557,1.19,1.00
2017.11.07 23:24:31.999,8.38302,8.38552,1.14,1.00
2017.11.07 23:24:32.357,8.38302,8.38536,1.14,1.00
2017.11.07 23:24:32.410,8.38302,8.38544,1.14,1.00
2017.11.07 23:24:32.461,8.38302,8.38548,1.14,1.00
2017.11.07 23:24:32.613,8.38321,8.38555,1.14,1.00
2017.11.07 23:24:32.664,8.38321,8.3856,1.14,1.00
2017.11.07 23:24:33.520,8.38321,8.3856,1.14,1.00
2017.11.07 23:24:33.571,8.38321,8.38555,1.14,1.00
2017.11.07 23:24:33.875,8.38321,8.38545,1.14,1.00
2017.11.07 23:24:34.381,8.38321,8.38545,1.14,1.00
2017.11.07 23:24:35.253,8.38321,8.38545,1.14,1.00
2017.11.07 23:24:36.326,8.38349,8.38545,1.00,1.00
2017.11.07 23:24:36.673,8.38339,8.38535,1.14,1.00
2017.11.07 23:24:36.724,8.38344,8.3854,1.00,1.00
2017.11.07 23:24:36.881,8.3837,8.38565,1.00,1.00
2017.11.07 23:24:36.932,8.38363,8.38589,1.00,1.00
2017.11.07 23:24:37.616,8.38366,8.38588,1.00,1.00
2017.11.07 23:24:38.334,8.38363,8.38563,1.00,1.00
2017.11.07 23:24:38.491,8.38363,8.38594,1.00,1.00
2017.11.07 23:24:38.543,8.38383,8.38589,1.00,1.00
2017.11.07 23:24:38.864,8.38384,8.38569,1.00,1.00
2017.11.07 23:24:40.289,8.38383,8.38568,1.00,1.00
2017.11.07 23:24:41.800,8.38369,8.38555,1.00,1.00
2017.11.07 23:24:44.406,8.38353,8.38539,1.00,1.00
2017.11.07 23:24:44.457,8.3835,8.38556,1.00,1.00
2017.11.07 23:24:44.508,8.38343,8.38548,1.00,1.00
2017.11.07 23:24:44.967,8.38352,8.38537,1.00,1.00
2017.11.07 23:24:45.799,8.38348,8.38545,1.00,1.00
2017.11.07 23:24:46.472,8.38337,8.38533,1.14,1.00
2017.11.07 23:24:46.523,8.38343,8.38537,1.00,1.00
2017.11.07 23:24:46.574,8.38337,8.38533,1.14,1.00
2017.11.07 23:24:46.907,8.38331,8.38528,1.14,1.00
2017.11.07 23:24:47.829,8.38321,8.38524,1.14,1.00
2017.11.07 23:24:48.281,8.38321,8.38509,1.14,1.00
2017.11.07 23:24:48.524,8.38335,8.38522,1.14,1.00
2017.11.07 23:24:48.842,8.3833,8.38517,1.14,1.00
2017.11.07 23:24:49.185,8.38324,8.38511,1.14,1.00
2017.11.07 23:24:49.490,8.3832,8.38505,1.14,1.00
2017.11.07 23:24:50.070,8.38337,8.38524,1.14,1.00
2017.11.07 23:24:50.121,8.38342,8.38529,1.14,1.00
2017.11.07 23:24:50.453,8.38369,8.38557,1.00,1.00
2017.11.07 23:24:52.596,8.3837,8.38555,1.00,1.00
2017.11.07 23:24:55.397,8.38374,8.38559,1.00,1.00
2017.11.07 23:24:56.307,8.38358,8.38532,1.00,1.00
2017.11.07 23:24:56.358,8.38325,8.3853,1.14,1.00
2017.11.07 23:24:56.409,8.38325,8.38524,1.14,1.00
2017.11.07 23:24:56.542,8.38344,8.38529,1.00,1.00
2017.11.07 23:24:56.792,8.38349,8.38534,1.00,1.00
2017.11.07 23:24:57.320,8.38352,8.38543,1.00,1.00
2017.11.07 23:24:58.911,8.38366,8.38557,1.00,1.00
2017.11.07 23:24:59.222,8.38368,8.38559,1.00,1.00
2017.11.07 23:24:59.644,8.38351,8.38542,1.00,1.00
2017.11.07 23:24:59.950,8.38336,8.38527,1.14,1.00
2017.11.07 23:25:00.254,8.38369,8.38554,1.00,1.00
2017.11.07 23:25:00.558,8.38374,8.38559,1.00,1.00
2017.11.07 23:25:00.792,8.38384,8.38572,1.00,1.00
2017.11.07 23:25:00.843,8.38367,8.3855,1.00,1.00
2017.11.07 23:25:00.894,8.3836,8.38545,1.00,1.00
2017.11.07 23:25:00.996,8.38343,8.38552,1.00,1.00
2017.11.07 23:25:01.047,8.38368,8.38553,1.00,1.00
2017.11.07 23:25:01.644,8.38371,8.38556,1.00,1.00
2017.11.07 23:25:02.134,8.38371,8.38554,1.00,1.00
2017.11.07 23:25:04.133,8.38391,8.38576,1.00,1.00
2017.11.07 23:25:04.183,8.38393,8.38578,1.00,1.00
2017.11.07 23:25:04.541,8.3839,8.38575,1.00,1.00
2017.11.07 23:25:08.114,8.38396,8.38581,1.00,1.00
2017.11.07 23:25:08.755,8.3839,8.38576,1.00,1.00
2017.11.07 23:25:11.247,8.38395,8.3858,1.00,1.00
2017.11.07 23:25:11.989,8.3839,8.38575,1.00,1.00
2017.11.07 23:25:12.367,8.38396,8.38581,1.00,1.00
2017.11.07 23:25:12.677,8.38389,8.38574,1.00,1.00
2017.11.07 23:25:14.338,8.38379,8.38564,1.00,1.00
2017.11.07 23:25:14.772,8.38386,8.38571,1.00,1.00
2017.11.07 23:25:15.878,8.38392,8.38577,1.00,1.00
2017.11.07 23:25:16.377,8.38397,8.38582,1.00,1.00
2017.11.07 23:25:16.930,8.38391,8.38576,1.00,1.00
2017.11.07 23:25:18.945,8.384,8.38585,1.00,1.00
2017.11.07 23:25:19.956,8.38404,8.38589,1.00,1.00
2017.11.07 23:25:20.635,8.384,8.38583,1.00,1.00
2017.11.07 23:25:20.737,8.38391,8.38576,1.00,1.00
2017.11.07 23:25:20.788,8.38386,8.38571,1.00,1.00
2017.11.07 23:25:21.111,8.38377,8.38562,1.00,1.00
2017.11.07 23:25:21.162,8.3837,8.38568,1.00,1.00
2017.11.07 23:25:21.579,8.3837,8.38564,1.00,1.00
2017.11.07 23:25:21.827,8.38348,8.38549,1.00,1.00
2017.11.07 23:25:21.878,8.38366,8.38551,1.00,1.00
2017.11.07 23:25:21.980,8.38368,8.38554,1.00,1.00
2017.11.07 23:25:22.031,8.38364,8.38549,1.00,1.00
2017.11.07 23:25:22.674,8.38372,8.38555,1.00,1.00
2017.11.07 23:25:23.393,8.3838,8.38565,1.00,1.00
2017.11.07 23:25:23.494,8.38386,8.38571,1.00,1.00
2017.11.07 23:25:23.840,8.38376,8.38561,1.00,1.00
2017.11.07 23:25:24.077,8.38391,8.38586,1.00,1.00
2017.11.07 23:25:24.210,8.38386,8.38581,1.00,1.00
2017.11.07 23:25:24.514,8.38381,8.38566,1.00,1.00
2017.11.07 23:25:24.919,8.38388,8.38573,1.00,1.00
2017.11.07 23:25:25.275,8.38383,8.38568,1.00,1.00
2017.11.07 23:25:25.615,8.38389,8.38573,1.00,1.00
2017.11.07 23:25:26.383,8.3838,8.38564,1.00,1.00
2017.11.07 23:25:26.703,8.38369,8.38553,1.00,1.00
2017.11.07 23:25:26.928,8.38379,8.38564,1.00,1.00
2017.11.07 23:25:27.273,8.38376,8.3856,1.00,1.00
2017.11.07 23:25:28.513,8.38364,8.38548,1.00,1.00
2017.11.07 23:25:28.564,8.38326,8.38542,1.14,1.00
2017.11.07 23:25:28.665,8.38326,8.3854,1.14,1.00
2017.11.07 23:25:28.968,8.38326,8.38523,1.14,1.00
2017.11.07 23:25:29.155,8.38354,8.38538,1.00,1.00
2017.11.07 23:25:30.004,8.38358,8.38542,1.00,1.00
2017.11.07 23:25:30.105,8.38353,8.38538,1.00,1.00
2017.11.07 23:25:30.792,8.38347,8.38531,1.00,1.00
2017.11.07 23:25:31.141,8.38352,8.38535,1.00,1.00
2017.11.07 23:25:31.286,8.38355,8.3854,1.00,1.00
2017.11.07 23:25:31.337,8.38373,8.38555,1.00,1.00
2017.11.07 23:25:31.489,8.38367,8.38551,1.00,1.00
2017.11.07 23:25:31.540,8.3836,8.38544,1.00,1.00
2017.11.07 23:25:31.591,8.38353,8.38538,1.00,1.00
2017.11.07 23:25:31.642,8.38357,8.38542,1.00,1.00
2017.11.07 23:25:32.221,8.38352,8.38537,1.00,1.00
2017.11.07 23:25:32.530,8.3834,8.38525,1.14,1.00
2017.11.07 23:25:32.833,8.38322,8.38507,1.14,1.00
2017.11.07 23:25:32.985,8.38328,8.38511,1.14,1.00
2017.11.07 23:25:33.198,8.38318,8.38501,1.14,1.00
2017.11.07 23:25:33.455,8.38322,8.38505,1.14,1.00
2017.11.07 23:25:33.611,8.38287,8.38472,1.14,1.00
2017.11.07 23:25:33.712,8.38276,8.3846,1.00,1.00
2017.11.07 23:25:33.763,8.38261,8.38473,1.50,1.00
2017.11.07 23:25:33.815,8.38261,8.38468,1.00,1.00
2017.11.07 23:25:33.916,8.38262,8.38474,1.00,1.00
2017.11.07 23:25:34.018,8.38261,8.38464,1.00,1.00
2017.11.07 23:25:34.333,8.38261,8.38446,1.00,1.00
2017.11.07 23:25:34.435,8.38273,8.38466,1.00,1.00
2017.11.07 23:25:34.767,8.38269,8.38463,1.00,1.00
2017.11.07 23:25:34.818,8.38264,8.38447,1.00,1.00
2017.11.07 23:25:35.272,8.38258,8.38459,1.00,1.00
2017.11.07 23:25:35.488,8.38266,8.38453,1.00,1.00
2017.11.07 23:25:35.792,8.38278,8.38462,1.00,1.00
2017.11.07 23:25:35.894,8.38269,8.38456,1.00,1.00
2017.11.07 23:25:36.515,8.3824,8.38463,1.00,1.00
2017.11.07 23:25:36.631,8.38255,8.38463,1.00,1.00
2017.11.07 23:25:36.975,8.38278,8.38463,1.00,1.00
2017.11.07 23:25:37.628,8.38284,8.38467,1.00,1.00
2017.11.07 23:25:39.792,8.3829,8.38473,1.00,1.00
2017.11.07 23:25:40.427,8.38291,8.38476,1.00,1.00
2017.11.07 23:25:41.602,8.38284,8.38469,1.00,1.00
2017.11.07 23:25:41.855,8.38326,8.38527,1.00,1.00
2017.11.07 23:25:41.906,8.38321,8.38522,1.00,1.00
2017.11.07 23:25:42.221,8.38317,8.38518,1.00,1.00
2017.11.07 23:25:44.902,8.38313,8.38514,1.00,1.00
2017.11.07 23:25:45.549,8.38313,8.38515,1.00,1.00
2017.11.07 23:25:45.929,8.38317,8.38519,1.00,1.00
2017.11.07 23:25:46.246,8.38318,8.38508,1.00,1.00
2017.11.07 23:25:47.089,8.38305,8.38495,1.00,1.00
2017.11.07 23:25:47.310,8.38225,8.38438,1.00,1.00
2017.11.07 23:25:47.361,8.38248,8.38436,1.00,1.00
2017.11.07 23:25:47.463,8.38225,8.38434,1.00,1.00
2017.11.07 23:25:47.716,8.38225,8.3844,1.00,1.00
2017.11.07 23:25:48.135,8.3825,8.3844,1.00,1.00
2017.11.07 23:25:51.474,8.38245,8.38435,1.00,1.00
2017.11.07 23:25:51.525,8.38231,8.38432,1.00,1.00
2017.11.07 23:25:51.626,8.38242,8.38427,1.00,1.00
2017.11.07 23:25:51.728,8.38231,8.38475,1.00,1.00
2017.11.07 23:25:51.779,8.38211,8.38475,1.00,1.00
2017.11.07 23:25:51.830,8.38211,8.38438,1.00,1.00
2017.11.07 23:25:52.133,8.38176,8.38378,1.00,1.00
2017.11.07 23:25:52.474,8.3818,8.38363,1.00,1.00
2017.11.07 23:25:52.727,8.38131,8.38321,1.00,1.00
2017.11.07 23:25:52.980,8.38131,8.38341,1.00,1.00
2017.11.07 23:25:53.031,8.38131,8.38334,1.00,1.00
2017.11.07 23:25:53.135,8.38131,8.38347,1.00,1.00
2017.11.07 23:25:53.186,8.38143,8.38363,1.00,1.00
2017.11.07 23:25:53.288,8.38131,8.38348,1.00,1.00
2017.11.07 23:25:53.339,8.38132,8.38353,1.00,1.00
2017.11.07 23:25:53.389,8.38135,8.38355,1.00,1.00
2017.11.07 23:25:53.809,8.38137,8.38357,1.00,1.00
2017.11.07 23:25:54.143,8.38131,8.38335,1.00,1.00
2017.11.07 23:25:54.194,8.38131,8.38338,1.00,1.00
2017.11.07 23:25:54.406,8.38131,8.38333,1.00,1.00
2017.11.07 23:25:54.558,8.38131,8.38342,1.00,1.00
2017.11.07 23:25:55.284,8.38132,8.38357,1.00,1.00
2017.11.07 23:25:55.802,8.38131,8.38356,1.50,1.00
2017.11.07 23:25:58.924,8.38131,8.38353,1.00,1.00
2017.11.07 23:26:00.471,8.38164,8.38353,1.00,1.00
2017.11.07 23:26:00.850,8.38159,8.38348,1.00,1.00
2017.11.07 23:26:00.901,8.38131,8.38353,1.00,1.00
2017.11.07 23:26:00.952,8.38131,8.38358,1.00,1.00
2017.11.07 23:26:01.125,8.38169,8.38358,1.00,1.00
2017.11.07 23:26:01.498,8.38174,8.38363,1.00,1.00
2017.11.07 23:26:02.314,8.38176,8.38365,1.00,1.00
2017.11.07 23:26:02.658,8.38181,8.38368,1.00,1.00
2017.11.07 23:26:03.040,8.38176,8.38364,1.00,1.00
2017.11.07 23:26:03.281,8.38167,8.38355,1.00,1.00
2017.11.07 23:26:03.729,8.38158,8.38346,1.00,1.00
2017.11.07 23:26:04.609,8.38151,8.38339,1.00,1.00
2017.11.07 23:26:04.763,8.38142,8.38331,1.00,1.00
2017.11.07 23:26:04.814,8.38149,8.38337,1.00,1.00
2017.11.07 23:26:05.146,8.38153,8.38341,1.00,1.00
2017.11.07 23:26:05.198,8.38143,8.38332,1.00,1.00
2017.11.07 23:26:05.249,8.38141,8.38329,1.00,1.00
2017.11.07 23:26:05.552,8.38139,8.38327,1.00,1.00
2017.11.07 23:26:05.866,8.38141,8.38329,1.00,1.00
2017.11.07 23:26:06.017,8.38146,8.38387,1.00,1.00
2017.11.07 23:26:06.068,8.38144,8.38385,1.00,1.00
2017.11.07 23:26:06.390,8.38167,8.38393,1.00,1.00
2017.11.07 23:26:06.542,8.38167,8.38396,1.00,1.00
2017.11.07 23:26:06.882,8.38187,8.38396,1.00,1.00
2017.11.07 23:26:07.212,8.38187,8.38373,1.00,1.00
2017.11.07 23:26:07.790,8.38187,8.38387,1.00,1.00
2017.11.07 23:26:08.259,8.38189,8.38378,1.00,1.00
2017.11.07 23:26:08.595,8.38181,8.3837,1.00,1.00
2017.11.07 23:26:09.640,8.38175,8.38364,1.00,1.00
2017.11.07 23:26:10.409,8.38171,8.3836,1.00,1.00
2017.11.07 23:26:10.772,8.38168,8.38357,1.00,1.00
2017.11.07 23:26:11.099,8.3817,8.38416,1.00,1.00
2017.11.07 23:26:11.150,8.38177,8.38416,1.00,1.00
2017.11.07 23:26:11.477,8.38173,8.38359,1.00,1.00
2017.11.07 23:26:13.416,8.38167,8.38352,1.00,1.00
2017.11.07 23:26:14.655,8.38153,8.3836,1.00,1.00
2017.11.07 23:26:14.853,8.38153,8.38358,1.00,1.00
2017.11.07 23:26:15.202,8.38169,8.38358,1.00,1.00
2017.11.07 23:26:15.663,8.38164,8.38352,1.00,1.00
2017.11.07 23:26:15.971,8.38168,8.38356,1.00,1.00
2017.11.07 23:26:16.676,8.38173,8.38359,1.00,1.00
2017.11.07 23:26:17.352,8.38177,8.38365,1.00,1.00
2017.11.07 23:26:17.458,8.38181,8.38369,1.00,1.00
2017.11.07 23:26:17.624,8.38172,8.38366,1.00,1.00
2017.11.07 23:26:17.698,8.38172,8.38347,1.00,1.00
2017.11.07 23:26:17.750,8.38171,8.38437,1.00,1.00
2017.11.07 23:26:17.801,8.38175,8.38436,1.00,1.00
2017.11.07 23:26:18.342,8.38175,8.38371,1.00,1.00
2017.11.07 23:26:18.918,8.38175,8.38354,1.00,1.00
2017.11.07 23:26:19.307,8.38171,8.3835,1.00,1.00
2017.11.07 23:26:19.553,8.38153,8.3835,1.00,1.00
2017.11.07 23:26:20.168,8.38171,8.38362,1.00,1.00
2017.11.07 23:26:20.817,8.38166,8.38357,1.00,1.00
2017.11.07 23:26:22.794,8.38173,8.38358,1.00,1.00
2017.11.07 23:26:23.667,8.38161,8.38346,1.00,1.00
2017.11.07 23:26:23.988,8.38137,8.38322,1.00,1.00
2017.11.07 23:26:24.293,8.3815,8.38335,1.00,1.00
2017.11.07 23:26:24.597,8.3817,8.38353,1.00,1.00
2017.11.07 23:26:24.952,8.38165,8.3835,1.00,1.00
2017.11.07 23:26:25.552,8.38163,8.38349,1.00,1.00
2017.11.07 23:26:26.804,8.38168,8.38354,1.00,1.00
2017.11.07 23:26:27.359,8.38173,8.38358,1.00,1.00
2017.11.07 23:26:29.103,8.38185,8.3837,1.00,1.00
2017.11.07 23:26:29.356,8.38187,8.38373,1.00,1.00
2017.11.07 23:26:29.407,8.38162,8.38374,1.00,1.00
2017.11.07 23:26:29.458,8.38162,8.38381,1.00,1.00
2017.11.07 23:26:31.078,8.38162,8.38383,1.00,1.00
2017.11.07 23:26:31.385,8.38164,8.38386,1.00,1.00
2017.11.07 23:26:32.656,8.38199,8.38386,1.00,1.00
2017.11.07 23:26:34.145,8.38208,8.38395,1.00,1.00
2017.11.07 23:26:35.492,8.38217,8.38404,1.00,1.00
2017.11.07 23:26:35.593,8.38221,8.38409,1.00,1.00
2017.11.07 23:26:35.644,8.38225,8.38412,1.00,1.00
2017.11.07 23:26:35.797,8.38203,8.38414,1.00,1.00
2017.11.07 23:26:36.065,8.38203,8.38419,1.00,1.00
2017.11.07 23:26:37.591,8.38203,8.38423,1.00,1.00
2017.11.07 23:26:37.824,8.38203,8.38421,1.00,1.00
2017.11.07 23:26:38.806,8.38203,8.38426,1.50,1.00
2017.11.07 23:26:38.977,8.38236,8.3846,1.00,1.00
2017.11.07 23:26:39.028,8.38247,8.38465,1.00,1.00
2017.11.07 23:26:39.129,8.38247,8.38479,1.00,1.00
2017.11.07 23:26:39.233,8.38247,8.38454,1.00,1.00
2017.11.07 23:26:39.545,8.38247,8.3845,1.00,1.00
2017.11.07 23:26:39.961,8.38247,8.38446,1.00,1.00
2017.11.07 23:26:40.547,8.38247,8.38449,1.00,1.00
2017.11.07 23:26:41.425,8.38247,8.38465,1.00,1.00
2017.11.07 23:26:41.921,8.38247,8.3847,1.00,1.00
2017.11.07 23:26:43.159,8.38299,8.38484,1.00,1.00
2017.11.07 23:26:43.366,8.38289,8.38493,1.00,1.00
2017.11.07 23:26:44.707,8.38298,8.385,1.00,1.00
2017.11.07 23:26:45.779,8.38303,8.38506,1.00,1.00
2017.11.07 23:26:46.107,8.38306,8.38503,1.00,1.00
2017.11.07 23:26:47.277,8.38305,8.38504,1.00,1.00
2017.11.07 23:26:47.856,8.38299,8.38498,1.00,1.00
2017.11.07 23:26:48.240,8.38304,8.38503,1.00,1.00
2017.11.07 23:26:48.707,8.38316,8.38512,1.00,1.00
2017.11.07 23:26:48.857,8.38323,8.38522,1.00,1.00
2017.11.07 23:26:50.434,8.38313,8.38499,1.00,1.00
2017.11.07 23:26:50.490,8.38283,8.38492,1.50,1.00
2017.11.07 23:26:51.330,8.38314,8.38505,1.00,1.00
2017.11.07 23:26:51.573,8.38283,8.38505,1.00,1.00
2017.11.07 23:26:52.996,8.38283,8.38499,1.00,1.00
2017.11.07 23:26:53.379,8.38283,8.38494,1.00,1.00
2017.11.07 23:26:53.565,8.38283,8.38498,1.00,1.00
2017.11.07 23:26:55.564,8.38303,8.38502,1.00,1.00
2017.11.07 23:26:55.918,8.38283,8.38501,1.00,1.00
2017.11.07 23:26:56.427,8.38283,8.38487,1.00,1.00
2017.11.07 23:26:57.004,8.38283,8.38492,1.00,1.00
2017.11.07 23:26:59.714,8.3831,8.38503,1.00,1.00
2017.11.07 23:27:00.091,8.38283,8.38503,1.00,1.00
2017.11.07 23:27:00.846,8.38283,8.38507,1.00,1.00
2017.11.07 23:27:01.642,8.38283,8.38506,1.00,1.00
2017.11.07 23:27:01.950,8.38306,8.38523,1.00,1.00
2017.11.07 23:27:02.257,8.38333,8.3854,1.00,1.00
2017.11.07 23:27:02.712,8.38349,8.3854,1.00,1.00
2017.11.07 23:27:03.052,8.38333,8.3854,1.00,1.00
2017.11.07 23:27:03.712,8.38352,8.3854,1.00,1.00
2017.11.07 23:27:04.072,8.38333,8.3854,1.00,1.00
2017.11.07 23:27:04.712,8.38353,8.3854,1.00,1.00
2017.11.07 23:27:05.143,8.38333,8.3854,1.00,1.00
2017.11.07 23:27:05.386,8.38353,8.3854,1.00,1.00
2017.11.07 23:27:05.690,8.38357,8.38543,1.00,1.00
2017.11.07 23:27:06.108,8.38371,8.38556,1.00,1.00
2017.11.07 23:27:06.159,8.38343,8.38566,1.00,1.00
2017.11.07 23:27:06.210,8.38362,8.38566,1.00,1.00
2017.11.07 23:27:07.370,8.38362,8.3858,1.50,1.00
2017.11.07 23:27:07.424,8.38384,8.38592,1.00,1.00
2017.11.07 23:27:07.792,8.38408,8.38598,1.00,1.00
2017.11.07 23:27:07.894,8.38408,8.38621,1.00,1.00
2017.11.07 23:27:08.162,8.38384,8.38616,1.00,1.00
2017.11.07 23:27:08.670,8.38384,8.38618,1.00,1.00
2017.11.07 23:27:08.930,8.38384,8.38616,1.00,1.00
2017.11.07 23:27:10.049,8.38384,8.3862,1.00,1.00
2017.11.07 23:27:10.306,8.3839,8.3863,1.00,1.00
2017.11.07 23:27:10.358,8.38384,8.38637,1.00,1.00
2017.11.07 23:27:10.409,8.38413,8.38647,1.00,1.00
2017.11.07 23:27:10.723,8.38413,8.38621,1.00,1.00
2017.11.07 23:27:10.958,8.38413,8.38637,1.00,1.00
2017.11.07 23:27:11.292,8.38445,8.38635,1.00,1.00
2017.11.07 23:27:14.068,8.3844,8.3863,1.00,1.00
2017.11.07 23:27:14.514,8.38422,8.38632,1.00,1.00
2017.11.07 23:27:14.666,8.38417,8.38627,1.00,1.00
2017.11.07 23:27:14.969,8.38429,8.38618,1.00,1.00
2017.11.07 23:27:16.118,8.3843,8.38616,1.00,1.00
2017.11.07 23:27:17.404,8.38431,8.38617,1.00,1.00
2017.11.07 23:27:20.952,8.38437,8.38623,1.00,1.00
2017.11.07 23:27:22.914,8.38441,8.3863,1.00,1.00
2017.11.07 23:27:24.808,8.38452,8.38638,1.00,1.00
2017.11.07 23:27:25.111,8.38439,8.38625,1.00,1.00
2017.11.07 23:27:25.617,8.38434,8.3862,1.00,1.00
2017.11.07 23:27:28.505,8.38444,8.38629,1.00,1.00
2017.11.07 23:27:28.817,8.38438,8.38623,1.00,1.00
2017.11.07 23:27:31.807,8.38405,8.38625,1.00,1.00
2017.11.07 23:27:32.106,8.38434,8.38626,1.00,1.00
2017.11.07 23:27:32.663,8.38433,8.38625,1.00,1.00
2017.11.07 23:27:35.221,8.38391,8.38587,1.00,1.00
2017.11.07 23:27:35.272,8.38381,8.38597,1.00,1.00
2017.11.07 23:27:35.323,8.3837,8.38593,1.00,1.00
2017.11.07 23:27:35.475,8.38391,8.38592,1.00,1.00
2017.11.07 23:27:35.779,8.38385,8.38571,1.00,1.00
2017.11.07 23:27:36.473,8.38381,8.38566,1.00,1.00
2017.11.07 23:27:37.149,8.38378,8.38561,1.00,1.00
2017.11.07 23:27:37.960,8.38382,8.38567,1.00,1.00
2017.11.07 23:27:40.312,8.38361,8.38565,1.00,1.00
2017.11.07 23:27:40.363,8.38361,8.38571,1.00,1.00
2017.11.07 23:27:42.203,8.38348,8.38553,1.00,1.00
2017.11.07 23:27:42.305,8.38318,8.38548,1.00,1.00
2017.11.07 23:27:42.356,8.38312,8.38527,1.00,1.00
2017.11.07 23:27:42.663,8.38307,8.38513,1.00,1.00
2017.11.07 23:27:43.146,8.38301,8.38506,1.00,1.00
2017.11.07 23:27:43.298,8.38294,8.385,1.00,1.00
2017.11.07 23:27:46.178,8.38296,8.38494,1.00,1.00
2017.11.07 23:27:47.464,8.38295,8.38493,1.00,1.00
2017.11.07 23:27:50.123,8.38301,8.38497,1.00,1.00
2017.11.07 23:27:52.974,8.383,8.38494,1.00,1.00
2017.11.07 23:27:54.307,8.38296,8.38481,1.00,1.00
2017.11.07 23:27:55.698,8.38294,8.3848,1.00,1.00
2017.11.07 23:27:56.244,8.38298,8.38484,1.00,1.00
2017.11.07 23:27:58.106,8.38291,8.38476,1.00,1.00
2017.11.07 23:27:59.270,8.38286,8.38485,1.00,1.00
2017.11.07 23:27:59.566,8.38286,8.38483,1.00,1.00
2017.11.07 23:27:59.666,8.38276,8.38483,1.00,1.00
2017.11.07 23:28:00.064,8.38273,8.38478,1.00,1.00
2017.11.07 23:28:00.387,8.38293,8.38478,1.00,1.00
2017.11.07 23:28:01.208,8.38291,8.38481,1.00,1.00
2017.11.07 23:28:02.494,8.38289,8.3848,1.00,1.00
2017.11.07 23:28:07.726,8.38295,8.38485,1.00,1.00
2017.11.07 23:28:08.055,8.38298,8.38485,1.00,1.00
2017.11.07 23:28:08.796,8.38309,8.38497,1.00,1.00
2017.11.07 23:28:09.903,8.3832,8.38507,1.00,1.00
2017.11.07 23:28:10.692,8.38288,8.38513,1.00,1.00
2017.11.07 23:28:10.743,8.38291,8.38513,1.00,1.00
2017.11.07 23:28:10.794,8.38293,8.38518,1.00,1.00
2017.11.07 23:28:10.845,8.3831,8.38518,1.00,1.00
2017.11.07 23:28:11.205,8.38293,8.38518,1.00,1.00
2017.11.07 23:28:11.433,8.38291,8.38508,1.00,1.00
2017.11.07 23:28:11.737,8.38317,8.38506,1.00,1.00
2017.11.07 23:28:12.305,8.3831,8.38499,1.00,1.00
2017.11.07 23:28:12.615,8.38309,8.38493,1.00,1.00
2017.11.07 23:28:13.209,8.38318,8.38504,1.00,1.00
2017.11.07 23:28:13.737,8.38297,8.38503,1.00,1.00
2017.11.07 23:28:14.143,8.38306,8.38512,1.00,1.00
2017.11.07 23:28:14.454,8.38316,8.38522,1.00,1.00
2017.11.07 23:28:15.023,8.38315,8.38521,1.00,1.00
2017.11.07 23:28:15.330,8.38309,8.38515,1.00,1.00
2017.11.07 23:28:16.238,8.38299,8.38513,1.00,1.00
2017.11.07 23:28:16.466,8.38303,8.38517,1.00,1.00
2017.11.07 23:28:17.524,8.38304,8.38518,1.00,1.00
2017.11.07 23:28:18.109,8.383,8.38514,1.00,1.00
2017.11.07 23:28:18.412,8.38298,8.38512,1.00,1.00
2017.11.07 23:28:18.742,8.38294,8.38508,1.00,1.00
2017.11.07 23:28:19.774,8.38291,8.38504,1.00,1.00
2017.11.07 23:28:22.716,8.38314,8.38502,1.00,1.00
2017.11.07 23:28:22.767,8.38291,8.38502,1.00,1.00
2017.11.07 23:28:22.868,8.38292,8.38505,1.00,1.00
2017.11.07 23:28:23.156,8.38319,8.38505,1.00,1.00
2017.11.07 23:28:25.759,8.38322,8.38508,1.00,1.00
2017.11.07 23:28:27.420,8.38323,8.38509,1.00,1.00
2017.11.07 23:28:27.792,8.3829,8.3853,1.00,1.00
2017.11.07 23:28:27.843,8.3829,8.38508,1.00,1.00
2017.11.07 23:28:28.110,8.38189,8.38419,1.00,1.00
2017.11.07 23:28:28.162,8.38189,8.38415,1.00,1.00
2017.11.07 23:28:28.470,8.3822,8.38412,1.00,1.00
2017.11.07 23:28:29.526,8.38224,8.38416,1.00,1.00
2017.11.07 23:28:31.278,8.38226,8.38416,1.00,1.00
2017.11.07 23:28:32.554,8.38224,8.38414,1.00,1.00
2017.11.07 23:28:35.409,8.38228,8.38418,1.00,1.00
2017.11.07 23:28:36.074,8.38223,8.38413,1.00,1.00
2017.11.07 23:28:36.798,8.38222,8.38412,1.00,1.00
2017.11.07 23:28:38.064,8.38222,8.38409,1.00,1.00
2017.11.07 23:28:40.787,8.38224,8.3841,1.00,1.00
2017.11.07 23:28:41.076,8.38208,8.3841,1.00,1.00
2017.11.07 23:28:41.178,8.38212,8.38415,1.00,1.00
2017.11.07 23:28:41.228,8.38207,8.3841,1.00,1.00
2017.11.07 23:28:41.897,8.38228,8.3843,1.00,1.00
2017.11.07 23:28:41.948,8.38234,8.38437,1.00,1.00
2017.11.07 23:28:42.337,8.38237,8.3844,1.00,1.00
2017.11.07 23:28:44.187,8.38221,8.38434,1.00,1.00
2017.11.07 23:28:44.238,8.3822,8.38415,1.00,1.00
2017.11.07 23:28:44.289,8.38225,8.3843,1.00,1.00
2017.11.07 23:28:45.118,8.38246,8.38432,1.00,1.00
2017.11.07 23:28:45.692,8.38247,8.38433,1.00,1.00
2017.11.07 23:28:46.306,8.38249,8.38435,1.00,1.00
2017.11.07 23:28:47.118,8.38264,8.3845,1.00,1.00
2017.11.07 23:28:47.466,8.38277,8.38463,1.00,1.00
2017.11.07 23:28:47.984,8.38273,8.38458,1.00,1.00
2017.11.07 23:28:49.845,8.38277,8.38462,1.00,1.00
2017.11.07 23:28:50.789,8.38278,8.38463,1.00,1.00
2017.11.07 23:28:53.094,8.38277,8.38463,1.00,1.00
2017.11.07 23:28:55.871,8.38276,8.38461,1.00,1.00
2017.11.07 23:28:57.238,8.3828,8.38465,1.00,1.00
2017.11.07 23:28:58.217,8.38272,8.38458,1.00,1.00
2017.11.07 23:28:58.615,8.38278,8.38462,1.00,1.00
2017.11.07 23:28:58.950,8.38273,8.38458,1.00,1.00
2017.11.07 23:29:00.711,8.38279,8.38462,1.00,1.00
2017.11.07 23:29:01.457,8.38279,8.38464,1.00,1.00
2017.11.07 23:29:02.614,8.38277,8.38462,1.00,1.00
2017.11.07 23:29:05.159,8.38281,8.38466,1.00,1.00
2017.11.07 23:29:05.847,8.38273,8.38458,1.00,1.00
2017.11.07 23:29:06.704,8.3828,8.38465,1.00,1.00
2017.11.07 23:29:07.458,8.38276,8.38461,1.00,1.00
2017.11.07 23:29:07.801,8.3828,8.38465,1.00,1.00
2017.11.07 23:29:08.174,8.38276,8.38462,1.00,1.00
2017.11.07 23:29:08.225,8.38274,8.38457,1.00,1.00
2017.11.07 23:29:08.275,8.38276,8.38462,1.00,1.00
2017.11.07 23:29:10.875,8.38277,8.38463,1.00,1.00
2017.11.07 23:29:12.500,8.38273,8.38459,1.00,1.00
2017.11.07 23:29:13.507,8.3827,8.38456,1.00,1.00
2017.11.07 23:29:15.106,8.3827,8.38455,1.00,1.00
2017.11.07 23:29:16.019,8.38242,8.38458,1.00,1.00
2017.11.07 23:29:16.122,8.38242,8.38451,1.00,1.00
2017.11.07 23:29:17.159,8.38268,8.38452,1.00,1.00
2017.11.07 23:29:23.174,8.38242,8.38459,1.00,1.00
2017.11.07 23:29:23.612,8.38248,8.38457,1.00,1.00
2017.11.07 23:29:24.212,8.38273,8.38458,1.00,1.00
2017.11.07 23:29:25.912,8.3827,8.38455,1.00,1.00
2017.11.07 23:29:31.388,8.38271,8.38457,1.00,1.00
2017.11.07 23:29:31.659,8.38242,8.38457,1.00,1.00
2017.11.07 23:29:32.346,8.38275,8.38461,1.00,1.00
2017.11.07 23:29:32.705,8.38277,8.38463,1.00,1.00
2017.11.07 23:29:33.043,8.38255,8.38455,1.00,1.00
2017.11.07 23:29:34.020,8.38273,8.38459,1.00,1.00
2017.11.07 23:29:34.518,8.3827,8.38456,1.00,1.00
2017.11.07 23:29:34.828,8.38275,8.38461,1.00,1.00
2017.11.07 23:29:35.131,8.3827,8.38456,1.00,1.00
2017.11.07 23:29:35.882,8.38276,8.3846,1.00,1.00
2017.11.07 23:29:35.933,8.38267,8.38452,1.00,1.00
2017.11.07 23:29:38.020,8.38242,8.3846,1.00,1.00
2017.11.07 23:29:38.380,8.38276,8.38462,1.00,1.00
2017.11.07 23:29:39.032,8.3827,8.38455,1.00,1.00
2017.11.07 23:29:40.909,8.38271,8.38456,1.00,1.00
2017.11.07 23:29:44.498,8.38242,8.3845,1.00,1.00
2017.11.07 23:29:46.328,8.38242,8.38455,1.00,1.00
2017.11.07 23:29:46.431,8.38242,8.38448,1.00,1.00
2017.11.07 23:29:47.028,8.38242,8.38458,1.00,1.00
2017.11.07 23:29:47.095,8.3824,8.38458,1.00,1.00
2017.11.07 23:29:47.342,8.38223,8.38458,1.00,1.00
2017.11.07 23:29:47.704,8.38219,8.38454,1.00,1.00
2017.11.07 23:29:49.538,8.38224,8.38459,1.00,1.00
2017.11.07 23:29:49.863,8.38218,8.38451,1.00,1.00
2017.11.07 23:29:51.453,8.38215,8.3845,1.00,1.00
2017.11.07 23:29:51.504,8.38206,8.38439,1.00,1.00
2017.11.07 23:29:51.808,8.38222,8.38418,1.00,1.00
2017.11.07 23:29:51.858,8.38222,8.38426,1.00,1.00
2017.11.07 23:29:51.960,8.38222,8.38418,1.00,1.00
2017.11.07 23:29:52.113,8.38222,8.38421,1.00,1.00
2017.11.07 23:29:52.214,8.38222,8.38413,1.00,1.00
2017.11.07 23:29:53.214,8.38222,8.38423,1.00,1.00
2017.11.07 23:29:55.937,8.38222,8.38422,1.00,1.00
2017.11.07 23:29:57.186,8.38222,8.38428,1.00,1.00
2017.11.07 23:29:57.450,8.38222,8.38425,1.00,1.00
2017.11.07 23:29:58.142,8.38222,8.3843,1.00,1.00
2017.11.07 23:29:58.270,8.38222,8.38419,1.00,1.00
2017.11.07 23:29:58.641,8.38222,8.3841,1.00,1.00
2017.11.07 23:29:58.692,8.38222,8.38421,1.00,1.00
2017.11.07 23:30:00.335,8.38222,8.38428,1.00,1.00
2017.11.07 23:30:00.454,8.38222,8.38417,1.00,1.00
2017.11.07 23:30:00.505,8.38222,8.38435,1.00,1.00
2017.11.07 23:30:00.722,8.38222,8.38426,1.00,1.00
2017.11.07 23:30:00.773,8.38222,8.38433,1.00,1.00
2017.11.07 23:30:00.977,8.38222,8.38437,1.00,1.00
2017.11.07 23:30:01.152,8.38222,8.38417,1.00,1.00
2017.11.07 23:30:01.305,8.38222,8.38435,1.00,1.00
2017.11.07 23:30:01.356,8.38222,8.38417,1.00,1.00
2017.11.07 23:30:01.649,8.38222,8.3843,1.50,1.00
2017.11.07 23:30:01.700,8.38238,8.3843,1.00,1.00
2017.11.07 23:30:02.002,8.38234,8.38426,1.00,1.00
2017.11.07 23:30:02.670,8.38222,8.38428,1.00,1.00
2017.11.07 23:30:02.849,8.38222,8.38425,1.00,1.00
2017.11.07 23:30:06.528,8.38222,8.3843,1.00,1.00
2017.11.07 23:30:06.687,8.38222,8.38425,1.00,1.00
2017.11.07 23:30:06.866,8.38222,8.38429,1.00,1.00
2017.11.07 23:30:06.917,8.38222,8.38424,1.00,1.00
2017.11.07 23:30:07.150,8.38222,8.38431,1.00,1.00
2017.11.07 23:30:07.252,8.38222,8.38425,1.00,1.00
2017.11.07 23:30:07.303,8.38222,8.38431,1.00,1.00
2017.11.07 23:30:08.376,8.38222,8.38435,1.00,1.00
2017.11.07 23:30:08.652,8.38222,8.3843,1.00,1.00
2017.11.07 23:30:08.754,8.38222,8.38435,1.00,1.00
2017.11.07 23:30:09.007,8.38222,8.38423,1.00,1.00
2017.11.07 23:30:09.532,8.38228,8.3843,1.00,1.00
2017.11.07 23:30:10.000,8.38211,8.3843,1.00,1.00
2017.11.07 23:30:12.157,8.38211,8.38435,1.00,1.00
2017.11.07 23:30:12.337,8.38211,8.38427,1.00,1.00
2017.11.07 23:30:12.489,8.38182,8.38445,1.00,1.00
2017.11.07 23:30:12.641,8.38182,8.38401,1.00,1.00
2017.11.07 23:30:12.945,8.38182,8.38381,1.00,1.00
2017.11.07 23:30:13.591,8.38182,8.38392,1.00,1.00
2017.11.07 23:30:13.928,8.38183,8.38396,1.00,1.00
2017.11.07 23:30:14.029,8.38206,8.38398,1.00,1.00
2017.11.07 23:30:14.638,8.38201,8.38394,1.00,1.00
2017.11.07 23:30:15.719,8.38205,8.38397,1.00,1.00
2017.11.07 23:30:16.454,8.38207,8.38401,1.00,1.00
2017.11.07 23:30:17.739,8.38204,8.38398,1.00,1.00
2017.11.07 23:30:18.221,8.38205,8.38396,1.00,1.00
2017.11.07 23:30:18.989,8.38207,8.38401,1.00,1.00
2017.11.07 23:30:19.158,8.38204,8.38397,1.00,1.00
2017.11.07 23:30:20.109,8.38182,8.38394,1.00,1.00
2017.11.07 23:30:20.297,8.38182,8.384,1.00,1.00
2017.11.07 23:30:20.415,8.38206,8.384,1.00,1.00
2017.11.07 23:30:23.253,8.38193,8.38399,1.00,1.00
2017.11.07 23:30:23.331,8.38216,8.38399,1.00,1.00
2017.11.07 23:30:23.486,8.38209,8.38394,1.00,1.00
2017.11.07 23:30:23.800,8.38215,8.384,1.00,1.00
2017.11.07 23:30:24.234,8.38208,8.38391,1.00,1.00
2017.11.07 23:30:24.335,8.38217,8.38402,1.00,1.00
2017.11.07 23:30:24.522,8.38204,8.38389,1.00,1.00
2017.11.07 23:30:25.973,8.38202,8.38387,1.00,1.00
2017.11.07 23:30:26.380,8.38211,8.38394,1.00,1.00
2017.11.07 23:30:26.431,8.38203,8.38389,1.00,1.00
2017.11.07 23:30:27.454,8.38182,8.38384,1.00,1.00
2017.11.07 23:30:27.506,8.38182,8.3839,1.00,1.00
2017.11.07 23:30:27.756,8.382,8.3839,1.00,1.00
2017.11.07 23:30:28.967,8.38202,8.38387,1.00,1.00
2017.11.07 23:30:29.120,8.38196,8.38382,1.00,1.00
2017.11.07 23:30:30.974,8.38182,8.38367,1.00,1.00
2017.11.07 23:30:31.025,8.38187,8.38373,1.00,1.00
2017.11.07 23:30:31.126,8.3817,8.3837,1.00,1.00
2017.11.07 23:30:31.177,8.38173,8.38375,1.00,1.00
2017.11.07 23:30:31.329,8.38169,8.38371,1.00,1.00
2017.11.07 23:30:32.446,8.38175,8.38378,1.00,1.00
2017.11.07 23:30:33.913,8.38173,8.38375,1.00,1.00
2017.11.07 23:30:38.280,8.38175,8.38361,1.00,1.00
2017.11.07 23:30:39.095,8.38174,8.38359,1.00,1.00
2017.11.07 23:30:39.196,8.38179,8.38365,1.00,1.00
2017.11.07 23:30:41.004,8.38181,8.38367,1.00,1.00
2017.11.07 23:30:41.476,8.38183,8.38369,1.00,1.00
2017.11.07 23:30:41.527,8.38195,8.38391,1.00,1.00
2017.11.07 23:30:41.947,8.38188,8.38384,1.00,1.00
2017.11.07 23:30:41.999,8.38192,8.38389,1.00,1.00
2017.11.07 23:30:42.964,8.38198,8.38392,1.00,1.00
2017.11.07 23:30:43.015,8.38201,8.38397,1.00,1.00
2017.11.07 23:30:45.706,8.38208,8.38404,1.00,1.00
2017.11.07 23:30:46.514,8.38215,8.38401,1.00,1.00
2017.11.07 23:30:49.165,8.38226,8.3841,1.00,1.00
2017.11.07 23:30:49.288,8.38221,8.38407,1.00,1.00
2017.11.07 23:30:49.618,8.38217,8.38402,1.00,1.00
2017.11.07 23:30:49.966,8.38209,8.38392,1.00,1.00
2017.11.07 23:30:50.067,8.38211,8.38397,1.00,1.00
2017.11.07 23:30:50.498,8.38215,8.38401,1.00,1.00
2017.11.07 23:30:50.817,8.38238,8.38424,1.00,1.00
2017.11.07 23:30:51.861,8.38245,8.38431,1.00,1.00
2017.11.07 23:30:52.165,8.3826,8.38446,1.00,1.00
2017.11.07 23:30:52.542,8.38255,8.3844,1.00,1.00
2017.11.07 23:30:52.872,8.38259,8.38444,1.00,1.00
2017.11.07 23:30:53.310,8.38262,8.38448,1.00,1.00
2017.11.07 23:30:56.033,8.3826,8.38446,1.00,1.00
2017.11.07 23:30:56.354,8.38258,8.38443,1.00,1.00
2017.11.07 23:30:56.804,8.38262,8.38448,1.00,1.00
2017.11.07 23:30:57.072,8.38252,8.38437,1.00,1.00
2017.11.07 23:30:57.409,8.38242,8.38426,1.00,1.00
2017.11.07 23:30:57.460,8.3824,8.38426,1.00,1.00
2017.11.07 23:30:57.662,8.38253,8.38439,1.00,1.00
2017.11.07 23:30:58.037,8.38257,8.38443,1.00,1.00
2017.11.07 23:31:01.593,8.38256,8.38439,1.00,1.00
2017.11.07 23:31:02.830,8.38256,8.38441,1.00,1.00
2017.11.07 23:31:08.390,8.38256,8.38442,1.00,1.00
2017.11.07 23:31:08.726,8.38252,8.38437,1.00,1.00
2017.11.07 23:31:11.348,8.38263,8.38448,1.00,1.00
2017.11.07 23:31:11.667,8.38258,8.38444,1.00,1.00
2017.11.07 23:31:12.943,8.38238,8.38444,1.00,1.00
2017.11.07 23:31:13.045,8.38269,8.38475,1.00,1.00
2017.11.07 23:31:13.147,8.3829,8.38519,1.00,1.00
2017.11.07 23:31:13.199,8.38267,8.38519,1.00,1.00
2017.11.07 23:31:13.249,8.38283,8.38519,1.00,1.00
2017.11.07 23:31:13.402,8.38279,8.38519,1.00,1.00
2017.11.07 23:31:13.454,8.38283,8.3848,1.00,1.00
2017.11.07 23:31:13.504,8.38283,8.38487,1.00,1.00
2017.11.07 23:31:13.814,8.38283,8.38476,1.00,1.00
2017.11.07 23:31:13.988,8.38283,8.38501,1.00,1.00
2017.11.07 23:31:14.039,8.38297,8.38503,1.00,1.00
2017.11.07 23:31:14.342,8.38294,8.38479,1.00,1.00
2017.11.07 23:31:14.393,8.38283,8.38508,1.00,1.00
2017.11.07 23:31:14.444,8.38318,8.38509,1.00,1.00
2017.11.07 23:31:14.751,8.38322,8.38513,1.00,1.00
2017.11.07 23:31:15.165,8.3832,8.38505,1.00,1.00
2017.11.07 23:31:15.367,8.38328,8.38514,1.00,1.00
2017.11.07 23:31:15.993,8.38326,8.38514,1.00,1.00
2017.11.07 23:31:16.044,8.38328,8.38514,1.00,1.00
2017.11.07 23:31:19.399,8.38329,8.38515,1.00,1.00
2017.11.07 23:31:23.013,8.38332,8.38518,1.00,1.00
2017.11.07 23:31:23.816,8.38332,8.38517,1.00,1.00
2017.11.07 23:31:24.095,8.38339,8.38525,1.00,1.00
2017.11.07 23:31:24.303,8.38345,8.38531,1.00,1.00
2017.11.07 23:31:24.722,8.38357,8.38542,1.00,1.00
2017.11.07 23:31:24.773,8.3836,8.38546,1.00,1.00
2017.11.07 23:31:24.823,8.38363,8.38549,1.00,1.00
2017.11.07 23:31:25.237,8.38359,8.38544,1.00,1.00
2017.11.07 23:31:30.670,8.38362,8.38548,1.00,1.00
2017.11.07 23:31:31.328,8.3837,8.38575,1.00,1.00
2017.11.07 23:31:31.571,8.38372,8.38558,1.00,1.00
2017.11.07 23:31:31.968,8.38364,8.3855,1.00,1.00
2017.11.07 23:31:35.498,8.3837,8.38555,1.00,1.00
2017.11.07 23:31:36.761,8.38365,8.38551,1.00,1.00
2017.11.07 23:31:38.221,8.38393,8.38579,1.00,1.00
2017.11.07 23:31:38.272,8.38364,8.38585,1.00,1.00
2017.11.07 23:31:38.323,8.38365,8.38588,1.00,1.00
2017.11.07 23:31:38.374,8.38373,8.38596,1.00,1.00
2017.11.07 23:31:38.678,8.3842,8.38605,1.00,1.00
2017.11.07 23:31:38.729,8.38429,8.38615,1.00,1.00
2017.11.07 23:31:38.781,8.38436,8.38621,1.00,1.00
2017.11.07 23:31:38.832,8.38431,8.38617,1.00,1.00
2017.11.07 23:31:39.080,8.38437,8.38623,1.00,1.00
2017.11.07 23:31:39.181,8.38404,8.38615,1.00,1.00
2017.11.07 23:31:39.232,8.38432,8.38618,1.00,1.00
2017.11.07 23:31:39.619,8.38404,8.38629,1.00,1.00
2017.11.07 23:31:39.670,8.38404,8.38619,1.00,1.00
2017.11.07 23:31:39.991,8.38404,8.38609,1.00,1.00
2017.11.07 23:31:40.292,8.38397,8.38586,1.00,1.00
2017.11.07 23:31:40.596,8.3837,8.38582,1.00,1.00
2017.11.07 23:31:40.899,8.38393,8.38582,1.00,1.00
2017.11.07 23:31:41.218,8.38395,8.38584,1.00,1.00
2017.11.07 23:31:41.268,8.3837,8.38583,1.00,1.00
2017.11.07 23:31:41.378,8.38395,8.38583,1.00,1.00
2017.11.07 23:31:42.468,8.38399,8.38587,1.00,1.00
2017.11.07 23:31:42.914,8.38401,8.38589,1.00,1.00
2017.11.07 23:31:42.965,8.38407,8.38596,1.00,1.00
2017.11.07 23:31:43.268,8.38414,8.38602,1.00,1.00
2017.11.07 23:31:44.369,8.38415,8.38599,1.00,1.00
2017.11.07 23:31:44.590,8.38409,8.38596,1.00,1.00
2017.11.07 23:31:44.779,8.38414,8.38601,1.00,1.00
2017.11.07 23:31:45.327,8.38419,8.38605,1.00,1.00
2017.11.07 23:31:45.493,8.38391,8.38602,1.00,1.00
2017.11.07 23:31:45.808,8.38416,8.38602,1.00,1.00
2017.11.07 23:31:46.438,8.38395,8.38602,1.00,1.00
2017.11.07 23:31:47.438,8.38416,8.38602,1.00,1.00
2017.11.07 23:31:47.919,8.38391,8.38601,1.00,1.00
2017.11.07 23:31:48.020,8.38418,8.38603,1.00,1.00
2017.11.07 23:31:49.239,8.3842,8.38606,1.00,1.00
2017.11.07 23:31:53.142,8.38423,8.38609,1.00,1.00
2017.11.07 23:31:54.390,8.38424,8.38609,1.00,1.00
2017.11.07 23:31:54.726,8.38391,8.38609,1.00,1.00
2017.11.07 23:31:54.879,8.38384,8.38609,1.00,1.00
2017.11.07 23:31:54.931,8.38423,8.38609,1.00,1.00
2017.11.07 23:31:57.559,8.38427,8.38613,1.00,1.00
2017.11.07 23:32:01.664,8.38425,8.38611,1.00,1.00
2017.11.07 23:32:02.950,8.38423,8.38609,1.00,1.00
2017.11.07 23:32:06.780,8.38428,8.38613,1.00,1.00
2017.11.07 23:32:08.460,8.38428,8.38614,1.00,1.00
2017.11.07 23:32:11.184,8.38429,8.38614,1.00,1.00
2017.11.07 23:32:16.694,8.3843,8.38616,1.00,1.00
2017.11.07 23:32:18.013,8.38431,8.38617,1.00,1.00
2017.11.07 23:32:20.035,8.38427,8.38613,1.00,1.00
2017.11.07 23:32:20.645,8.38426,8.38612,1.00,1.00
2017.11.07 23:32:23.462,8.38396,8.38581,1.00,1.00
2017.11.07 23:32:23.668,8.38412,8.38598,1.00,1.00
2017.11.07 23:32:24.306,8.38412,8.38597,1.00,1.00
2017.11.07 23:32:26.214,8.38413,8.38599,1.00,1.00
2017.11.07 23:32:27.153,8.38416,8.38601,1.00,1.00
2017.11.07 23:32:28.489,8.38418,8.38603,1.00,1.00
2017.11.07 23:32:31.743,8.38419,8.38605,1.00,1.00
2017.11.07 23:32:32.087,8.38421,8.38607,1.00,1.00
2017.11.07 23:32:38.520,8.38423,8.38608,1.00,1.00
2017.11.07 23:32:38.943,8.38424,8.38611,1.00,1.00
2017.11.07 23:32:40.604,8.38426,8.38613,1.00,1.00
2017.11.07 23:32:41.271,8.38429,8.38616,1.00,1.00
2017.11.07 23:32:46.754,8.38429,8.38615,1.00,1.00
2017.11.07 23:32:46.906,8.38415,8.38624,1.00,1.00
2017.11.07 23:32:46.957,8.38417,8.38626,1.00,1.00
2017.11.07 23:32:47.260,8.38443,8.38642,1.00,1.00
2017.11.07 23:32:47.710,8.38466,8.38651,1.00,1.00
2017.11.07 23:32:49.695,8.38458,8.38643,1.00,1.00
2017.11.07 23:32:49.746,8.38467,8.38653,1.00,1.00
2017.11.07 23:32:51.829,8.38461,8.38647,1.00,1.00
2017.11.07 23:32:52.153,8.38444,8.38627,1.00,1.00
2017.11.07 23:32:52.204,8.3844,8.38625,1.00,1.00
2017.11.07 23:32:52.613,8.3842,8.38623,1.00,1.00
2017.11.07 23:32:53.003,8.38436,8.38642,1.00,1.00
2017.11.07 23:32:53.147,8.38439,8.38646,1.00,1.00
2017.11.07 23:32:53.248,8.38444,8.38651,1.00,1.00
2017.11.07 23:32:53.551,8.38434,8.38649,1.00,1.00
2017.11.07 23:32:53.602,8.38456,8.38649,1.00,1.00
2017.11.07 23:32:53.946,8.38452,8.38645,1.00,1.00
2017.11.07 23:32:54.518,8.38445,8.38638,1.00,1.00
2017.11.07 23:32:55.004,8.38456,8.38643,1.00,1.00
2017.11.07 23:32:55.342,8.38462,8.3865,1.00,1.00
2017.11.07 23:32:55.494,8.38448,8.38633,1.00,1.00
2017.11.07 23:32:55.798,8.38462,8.38647,1.00,1.00
2017.11.07 23:32:56.176,8.3846,8.38645,1.00,1.00
2017.11.07 23:32:56.278,8.38456,8.38642,1.00,1.00
2017.11.07 23:32:56.482,8.38463,8.38653,1.00,1.00
2017.11.07 23:32:57.601,8.38458,8.38643,1.00,1.00
2017.11.07 23:32:57.753,8.38455,8.38641,1.00,1.00
2017.11.07 23:32:57.905,8.38476,8.38662,1.00,1.00
2017.11.07 23:32:58.212,8.3848,8.38666,1.00,1.00
2017.11.07 23:32:58.542,8.3849,8.38675,1.00,1.00
2017.11.07 23:32:58.941,8.38492,8.38676,1.00,1.00
2017.11.07 23:32:59.470,8.38486,8.38672,1.00,1.00
2017.11.07 23:33:02.486,8.38492,8.38675,1.00,1.00
2017.11.07 23:33:02.750,8.38496,8.3868,1.00,1.00
2017.11.07 23:33:02.801,8.38497,8.38682,1.00,1.00
2017.11.07 23:33:02.852,8.385,8.38685,1.00,1.00
2017.11.07 23:33:03.481,8.38496,8.3869,1.00,1.00
2017.11.07 23:33:03.611,8.38492,8.38686,1.00,1.00
2017.11.07 23:33:04.664,8.38482,8.38676,1.00,1.00
2017.11.07 23:33:04.967,8.38453,8.38648,1.00,1.00
2017.11.07 23:33:06.027,8.38454,8.38648,1.00,1.00
2017.11.07 23:33:08.186,8.38477,8.3866,1.00,1.00
2017.11.07 23:33:08.238,8.38478,8.38664,1.00,1.00
2017.11.07 23:33:08.289,8.38481,8.38666,1.00,1.00
2017.11.07 23:33:08.613,8.38485,8.3867,1.00,1.00
2017.11.07 23:33:08.994,8.38481,8.38666,1.00,1.00
2017.11.07 23:33:09.095,8.38476,8.38662,1.00,1.00
2017.11.07 23:33:09.194,8.38473,8.38658,1.00,1.00
2017.11.07 23:33:09.498,8.38448,8.38633,1.00,1.00
2017.11.07 23:33:09.839,8.38443,8.38628,1.00,1.00
2017.11.07 23:33:14.046,8.38448,8.38633,1.00,1.00
2017.11.07 23:33:14.431,8.38445,8.3863,1.00,1.00
2017.11.07 23:33:16.814,8.38451,8.38636,1.00,1.00
2017.11.07 23:33:20.293,8.38456,8.38641,1.00,1.00
2017.11.07 23:33:20.395,8.38472,8.38658,1.00,1.00
2017.11.07 23:33:20.446,8.38462,8.38647,1.00,1.00
2017.11.07 23:33:20.497,8.38465,8.38651,1.00,1.00
2017.11.07 23:33:20.945,8.38475,8.3866,1.00,1.00
2017.11.07 23:33:22.140,8.38467,8.38653,1.00,1.00
2017.11.07 23:33:22.241,8.38463,8.38647,1.00,1.00
2017.11.07 23:33:22.402,8.38452,8.38648,1.00,1.00
2017.11.07 23:33:22.503,8.38447,8.38632,1.00,1.00
2017.11.07 23:33:22.868,8.38439,8.38624,1.00,1.00
2017.11.07 23:33:23.698,8.38435,8.3862,1.00,1.00
2017.11.07 23:33:24.017,8.38442,8.38627,1.00,1.00
2017.11.07 23:33:25.044,8.38448,8.38631,1.00,1.00
2017.11.07 23:33:28.771,8.38441,8.38626,1.00,1.00
2017.11.07 23:33:31.844,8.38447,8.38633,1.00,1.00
2017.11.07 23:33:33.130,8.38449,8.38636,1.00,1.00
2017.11.07 23:33:38.690,8.3845,8.38636,1.00,1.00
2017.11.07 23:33:40.918,8.38451,8.38636,1.00,1.00
2017.11.07 23:33:40.969,8.38446,8.38631,1.00,1.00
2017.11.07 23:33:41.278,8.38451,8.38637,1.00,1.00
2017.11.07 23:33:42.026,8.3843,8.38637,1.00,1.00
2017.11.07 23:33:43.038,8.38453,8.38638,1.00,1.00
2017.11.07 23:33:44.038,8.38435,8.38637,1.00,1.00
2017.11.07 23:33:45.038,8.38454,8.38639,1.00,1.00
2017.11.07 23:33:48.159,8.38453,8.38638,1.00,1.00
2017.11.07 23:33:50.361,8.38486,8.38726,1.00,1.00
2017.11.07 23:33:50.412,8.38502,8.38749,1.00,1.00
2017.11.07 23:33:50.463,8.38485,8.38709,1.00,1.00
2017.11.07 23:33:50.579,8.38485,8.38713,1.00,1.00
2017.11.07 23:33:50.631,8.38485,8.38688,1.00,1.00
2017.11.07 23:33:50.934,8.38506,8.38703,1.00,1.00
2017.11.07 23:33:51.259,8.38511,8.38707,1.00,1.00
2017.11.07 23:33:51.507,8.38508,8.38705,1.00,1.00
2017.11.07 23:33:52.260,8.38503,8.38699,1.00,1.00
2017.11.07 23:33:52.589,8.38496,8.3869,1.00,1.00
2017.11.07 23:33:53.670,8.38497,8.38688,1.00,1.00
2017.11.07 23:33:54.796,8.38476,8.38661,1.00,1.00
2017.11.07 23:33:55.339,8.3847,8.38655,1.00,1.00
2017.11.07 23:33:56.119,8.38465,8.3865,1.00,1.00
2017.11.07 23:33:57.772,8.38451,8.38656,1.00,1.00
2017.11.07 23:33:57.823,8.38452,8.38637,1.00,1.00
2017.11.07 23:33:57.975,8.38452,8.38654,1.00,1.00
2017.11.07 23:33:58.026,8.38449,8.38638,1.00,1.00
2017.11.07 23:33:58.127,8.38449,8.38655,1.00,1.00
2017.11.07 23:33:58.754,8.38472,8.38659,1.00,1.00
2017.11.07 23:34:00.269,8.38478,8.38664,1.00,1.00
2017.11.07 23:34:01.904,8.38481,8.38668,1.00,1.00
2017.11.07 23:34:03.229,8.38478,8.38665,1.00,1.00
2017.11.07 23:34:08.700,8.38477,8.38662,1.00,1.00
2017.11.07 23:34:08.751,8.38457,8.38661,1.00,1.00
2017.11.07 23:34:09.763,8.38477,8.38662,1.00,1.00
2017.11.07 23:34:12.247,8.38489,8.38672,1.00,1.00
2017.11.07 23:34:12.298,8.38485,8.3867,1.00,1.00
2017.11.07 23:34:12.763,8.38461,8.38669,1.00,1.00
2017.11.07 23:34:12.814,8.38466,8.38673,1.00,1.00
2017.11.07 23:34:12.915,8.38462,8.3867,1.00,1.00
2017.11.07 23:34:13.763,8.38485,8.3867,1.00,1.00
2017.11.07 23:34:18.231,8.38493,8.38678,1.00,1.00
2017.11.07 23:34:20.500,8.38497,8.38682,1.00,1.00
2017.11.07 23:34:22.638,8.38493,8.38678,1.00,1.00
2017.11.07 23:34:23.730,8.38491,8.38676,1.00,1.00
2017.11.07 23:34:26.261,8.38495,8.3868,1.00,1.00
2017.11.07 23:34:29.235,8.38489,8.38674,1.00,1.00
2017.11.07 23:34:33.250,8.38491,8.38676,1.00,1.00
2017.11.07 23:34:38.760,8.38488,8.38674,1.00,1.00
2017.11.07 23:34:41.484,8.38486,8.38671,1.00,1.00
2017.11.07 23:34:48.280,8.38488,8.38673,1.00,1.00
2017.11.07 23:34:56.514,8.38486,8.38671,1.00,1.00
2017.11.07 23:34:57.635,8.3849,8.38675,1.00,1.00
2017.11.07 23:34:57.945,8.38489,8.38672,1.00,1.00
2017.11.07 23:35:01.165,8.38484,8.38669,1.00,1.00
2017.11.07 23:35:01.637,8.38479,8.38664,1.00,1.00
2017.11.07 23:35:01.808,8.38483,8.38669,1.00,1.00
2017.11.07 23:35:02.025,8.38476,8.38662,1.00,1.00
2017.11.07 23:35:07.572,8.38482,8.38669,1.00,1.00
2017.11.07 23:35:08.820,8.38481,8.38666,1.00,1.00
2017.11.07 23:35:11.544,8.38483,8.38668,1.00,1.00
2017.11.07 23:35:16.992,8.38485,8.3867,1.00,1.00
2017.11.07 23:35:17.055,8.38487,8.38673,1.00,1.00
2017.11.07 23:35:17.620,8.38483,8.38668,1.00,1.00
2017.11.07 23:35:26.574,8.38485,8.3867,1.00,1.00
2017.11.07 23:35:27.116,8.38484,8.38669,1.00,1.00
2017.11.07 23:35:32.088,8.38486,8.38669,1.00,1.00
2017.11.07 23:35:33.371,8.38487,8.38673,1.00,1.00
2017.11.07 23:35:35.822,8.38484,8.38667,1.00,1.00
2017.11.07 23:35:36.767,8.38487,8.38673,1.00,1.00
2017.11.07 23:35:38.385,8.38492,8.38675,1.00,1.00
2017.11.07 23:35:44.305,8.38484,8.38669,1.00,1.00
2017.11.07 23:35:51.471,8.3849,8.38675,1.00,1.00
2017.11.07 23:36:03.430,8.3849,8.38676,1.00,1.00
2017.11.07 23:36:04.026,8.38499,8.38684,1.00,1.00
2017.11.07 23:36:04.329,8.38504,8.38689,1.00,1.00
2017.11.07 23:36:04.700,8.38509,8.38694,1.00,1.00
2017.11.07 23:36:05.004,8.38505,8.3869,1.00,1.00
2017.11.07 23:36:07.712,8.38509,8.38694,1.00,1.00
2017.11.07 23:36:08.941,8.38504,8.38689,1.00,1.00
2017.11.07 23:36:14.026,8.38501,8.38685,1.00,1.00
2017.11.07 23:36:14.360,8.38499,8.38684,1.00,1.00
2017.11.07 23:36:18.488,8.38499,8.38685,1.00,1.00
2017.11.07 23:36:23.107,8.38494,8.38677,1.00,1.00
2017.11.07 23:36:23.309,8.38489,8.38674,1.00,1.00
2017.11.07 23:36:23.879,8.38492,8.38677,1.00,1.00
2017.11.07 23:36:24.203,8.38498,8.38683,1.00,1.00
2017.11.07 23:36:24.535,8.38502,8.38687,1.00,1.00
2017.11.07 23:36:25.947,8.38508,8.38691,1.00,1.00
2017.11.07 23:36:29.103,8.38501,8.38686,1.00,1.00
2017.11.07 23:36:29.154,8.38496,8.38682,1.00,1.00
2017.11.07 23:36:32.205,8.38497,8.38682,1.00,1.00
2017.11.07 23:36:33.490,8.38498,8.38683,1.00,1.00
2017.11.07 23:36:39.002,8.38497,8.38682,1.00,1.00
2017.11.07 23:36:39.053,8.38493,8.38678,1.00,1.00
2017.11.07 23:36:39.848,8.38502,8.38687,1.00,1.00
2017.11.07 23:36:40.462,8.3851,8.38695,1.00,1.00
2017.11.07 23:36:41.728,8.38512,8.38697,1.00,1.00
2017.11.07 23:36:45.691,8.38486,8.38672,1.00,1.00
2017.11.07 23:36:45.742,8.38479,8.38664,1.00,1.00
2017.11.07 23:36:45.843,8.38487,8.38687,1.00,1.00
2017.11.07 23:36:45.894,8.3849,8.38688,1.00,1.00
2017.11.07 23:36:45.945,8.38481,8.38727,1.00,1.00
2017.11.07 23:36:45.996,8.38471,8.38727,1.50,1.00
2017.11.07 23:36:46.116,8.38476,8.38727,1.00,1.00
2017.11.07 23:36:46.521,8.38488,8.38674,1.00,1.00
2017.11.07 23:36:46.857,8.38497,8.38686,1.00,1.00
2017.11.07 23:36:48.250,8.38499,8.38703,1.00,1.00
2017.11.07 23:36:48.351,8.38497,8.38701,1.00,1.00
2017.11.07 23:36:48.655,8.38484,8.38688,1.00,1.00
2017.11.07 23:36:52.182,8.3848,8.38665,1.00,1.00
2017.11.07 23:36:52.567,8.38489,8.38674,1.00,1.00
2017.11.07 23:36:53.378,8.38493,8.38678,1.00,1.00
2017.11.07 23:36:54.031,8.38496,8.38683,1.00,1.00
2017.11.07 23:36:56.754,8.38498,8.38685,1.00,1.00
2017.11.07 23:36:58.694,8.38494,8.38681,1.00,1.00
2017.11.07 23:37:02.265,8.38496,8.38681,1.00,1.00
2017.11.07 23:37:07.769,8.38501,8.38684,1.00,1.00
2017.11.07 23:37:07.871,8.38504,8.38689,1.00,1.00
2017.11.07 23:37:17.295,8.38505,8.3869,1.00,1.00
2017.11.07 23:37:18.404,8.385,8.38685,1.00,1.00
2017.11.07 23:37:22.976,8.38496,8.38681,1.00,1.00
2017.11.07 23:37:23.792,8.38508,8.38693,1.00,1.00
2017.11.07 23:37:24.095,8.38516,8.38701,1.00,1.00
2017.11.07 23:37:24.951,8.38525,8.3871,1.00,1.00
2017.11.07 23:37:26.844,8.38526,8.38711,1.00,1.00
2017.11.07 23:37:32.325,8.38527,8.38713,1.00,1.00
2017.11.07 23:37:33.611,8.38529,8.38714,1.00,1.00
2017.11.07 23:37:36.242,8.38524,8.38709,1.00,1.00
2017.11.07 23:37:36.553,8.38517,8.38702,1.00,1.00
2017.11.07 23:37:37.903,8.38519,8.38704,1.00,1.00
2017.11.07 23:37:38.244,8.38498,8.38683,1.00,1.00
2017.11.07 23:37:39.161,8.38497,8.38683,1.00,1.00
2017.11.07 23:37:39.273,8.38492,8.3868,1.00,1.00
2017.11.07 23:37:39.908,8.3849,8.38675,1.00,1.00
2017.11.07 23:37:40.059,8.38494,8.38695,1.00,1.00
2017.11.07 23:37:40.110,8.385,8.387,1.00,1.00
2017.11.07 23:37:40.420,8.38491,8.38676,1.00,1.00
2017.11.07 23:37:41.026,8.38499,8.38684,1.00,1.00
2017.11.07 23:37:41.338,8.38505,8.3869,1.00,1.00
2017.11.07 23:37:41.680,8.38515,8.387,1.00,1.00
2017.11.07 23:37:42.137,8.38513,8.38698,1.00,1.00
2017.11.07 23:37:43.397,8.38506,8.38691,1.00,1.00
2017.11.07 23:37:45.766,8.38511,8.38696,1.00,1.00
2017.11.07 23:37:46.446,8.38512,8.38704,1.00,1.00
2017.11.07 23:37:46.645,8.38508,8.387,1.00,1.00
2017.11.07 23:37:47.355,8.38508,8.38696,1.00,1.00
2017.11.07 23:37:49.728,8.38503,8.3869,1.00,1.00
2017.11.07 23:37:50.431,8.38499,8.38686,1.00,1.00
2017.11.07 23:37:50.734,8.38481,8.38666,1.00,1.00
2017.11.07 23:37:51.193,8.3849,8.38675,1.00,1.00
2017.11.07 23:37:51.710,8.38484,8.3867,1.00,1.00
2017.11.07 23:37:51.862,8.38472,8.38657,1.00,1.00
2017.11.07 23:37:52.257,8.38478,8.38664,1.00,1.00
2017.11.07 23:37:52.308,8.38453,8.38638,1.00,1.00
2017.11.07 23:37:52.646,8.3844,8.38625,1.00,1.00
2017.11.07 23:37:53.250,8.3845,8.38635,1.00,1.00
2017.11.07 23:37:53.598,8.3846,8.38645,1.00,1.00
2017.11.07 23:37:56.881,8.38432,8.38617,1.00,1.00
2017.11.07 23:37:57.184,8.38418,8.38603,1.00,1.00
2017.11.07 23:37:57.525,8.38413,8.38596,1.00,1.00
2017.11.07 23:37:57.576,8.38425,8.3861,1.00,1.00
