2014.06.12 18:00:00.573,6.69025,6.69196,1.00,1.20
2014.06.12 18:00:00.793,6.69003,6.69177,1.69,1.20
2014.06.12 18:00:01.241,6.69,6.69177,1.00,1.20
2014.06.12 18:00:07.795,6.68996,6.69177,1.00,1.20
2014.06.12 18:00:09.963,6.69005,6.69177,1.00,1.20
2014.06.12 18:00:10.115,6.68996,6.69177,1.00,1.20
2014.06.12 18:00:14.826,6.68992,6.69177,1.00,1.20
2014.06.12 18:00:15.124,6.68989,6.69177,1.00,1.20
2014.06.12 18:00:21.421,6.68989,6.69169,1.00,1.20
2014.06.12 18:00:25.384,6.68971,6.69169,1.65,1.20
2014.06.12 18:00:27.374,6.68973,6.69169,1.00,1.20
2014.06.12 18:00:27.736,6.68976,6.69169,1.00,1.20
2014.06.12 18:00:30.304,6.68979,6.69169,1.00,1.20
2014.06.12 18:00:31.756,6.68979,6.6914,1.00,1.20
2014.06.12 18:00:31.857,6.68974,6.6914,1.00,1.20
2014.06.12 18:00:32.109,6.68952,6.6914,1.00,1.20
2014.06.12 18:00:32.386,6.68942,6.6914,1.20,1.20
2014.06.12 18:00:39.455,6.68942,6.69133,1.20,1.20
2014.06.12 18:00:40.170,6.68923,6.69114,1.50,1.20
2014.06.12 18:00:46.585,6.68933,6.69114,1.00,1.20
2014.06.12 18:00:46.912,6.68926,6.69114,1.00,1.20
2014.06.12 18:00:53.395,6.68924,6.69114,1.00,1.20
2014.06.12 18:00:53.583,6.6892,6.69114,1.00,1.20
2014.06.12 18:00:53.793,6.68917,6.69114,1.20,1.20
2014.06.12 18:00:54.074,6.68924,6.69114,1.00,1.20
2014.06.12 18:01:03.312,6.68916,6.69114,1.20,1.20
2014.06.12 18:01:05.557,6.68923,6.69114,1.00,1.20
2014.06.12 18:01:05.994,6.68933,6.69114,1.00,1.20
2014.06.12 18:01:06.246,6.68946,6.69144,1.20,1.20
2014.06.12 18:01:08.687,6.68946,6.69144,1.20,1.39
2014.06.12 18:01:09.868,6.68933,6.69119,1.00,1.20
2014.06.12 18:01:12.433,6.68933,6.69119,1.19,1.20
2014.06.12 18:01:12.807,6.68943,6.69119,1.00,1.20
2014.06.12 18:01:13.109,6.68956,6.69119,1.00,1.20
2014.06.12 18:01:13.160,6.68956,6.69143,1.00,1.20
2014.06.12 18:01:21.199,6.68946,6.69143,1.65,1.20
2014.06.12 18:01:21.997,6.68939,6.69117,1.00,1.20
2014.06.12 18:01:32.954,6.68931,6.69117,1.00,1.20
2014.06.12 18:01:33.062,6.68927,6.69117,1.00,1.20
2014.06.12 18:01:33.282,6.68924,6.69117,1.00,1.20
2014.06.12 18:01:42.019,6.68943,6.69117,1.00,1.20
2014.06.12 18:01:42.121,6.68943,6.69119,1.00,1.20
2014.06.12 18:01:42.329,6.68924,6.69119,1.00,1.20
2014.06.12 18:01:42.380,6.68934,6.69119,1.00,1.20
2014.06.12 18:01:42.589,6.68929,6.69119,1.00,1.20
2014.06.12 18:01:43.462,6.68928,6.69119,1.00,1.20
2014.06.12 18:01:48.236,6.68932,6.69119,1.00,1.20
2014.06.12 18:01:48.286,6.68947,6.69139,1.20,1.20
2014.06.12 18:01:48.337,6.68947,6.69144,1.65,1.20
2014.06.12 18:01:50.092,6.68947,6.69144,1.20,1.39
2014.06.12 18:01:51.203,6.68947,6.69144,1.20,1.39
2014.06.12 18:01:52.711,6.68947,6.69144,1.20,1.39
2014.06.12 18:01:53.811,6.68947,6.69144,1.20,1.20
2014.06.12 18:02:00.142,6.68947,6.69144,1.20,1.39
2014.06.12 18:02:03.362,6.68947,6.69144,1.09,1.20
2014.06.12 18:02:08.645,6.68961,6.69157,1.20,1.19
2014.06.12 18:02:10.787,6.68961,6.69157,1.20,1.19
2014.06.12 18:02:13.298,6.68961,6.69157,1.20,1.19
2014.06.12 18:02:15.814,6.68961,6.69157,1.20,1.19
2014.06.12 18:02:17.517,6.68961,6.69156,1.20,1.19
2014.06.12 18:02:19.858,6.68961,6.69156,1.20,1.19
2014.06.12 18:02:21.029,6.68961,6.69156,1.20,1.19
2014.06.12 18:02:22.134,6.68961,6.69156,1.20,1.19
2014.06.12 18:02:26.555,6.68961,6.69147,1.20,1.19
2014.06.12 18:02:28.579,6.68958,6.69147,1.20,1.19
2014.06.12 18:02:29.644,6.68958,6.69117,1.20,1.00
2014.06.12 18:02:29.746,6.68932,6.69117,1.20,1.00
2014.06.12 18:02:29.948,6.68932,6.69129,1.20,1.20
2014.06.12 18:02:35.651,6.68932,6.69106,1.20,1.00
2014.06.12 18:02:35.904,6.68923,6.69104,1.00,1.20
2014.06.12 18:02:40.573,6.68906,6.69104,1.20,1.09
2014.06.12 18:02:41.330,6.68906,6.69104,1.20,1.39
2014.06.12 18:02:42.434,6.68906,6.69104,1.20,1.39
2014.06.12 18:02:43.441,6.68906,6.69104,1.20,1.39
2014.06.12 18:02:44.844,6.68906,6.69104,1.20,1.39
2014.06.12 18:02:46.147,6.68906,6.69104,1.20,1.39
2014.06.12 18:02:47.352,6.68906,6.69104,1.20,1.39
2014.06.12 18:02:47.832,6.68906,6.69077,1.20,1.00
2014.06.12 18:02:50.871,6.68906,6.69087,1.20,1.00
2014.06.12 18:02:51.024,6.68906,6.69104,1.20,1.39
2014.06.12 18:02:52.478,6.68906,6.69104,1.20,1.39
2014.06.12 18:02:54.086,6.68906,6.69104,1.20,1.39
2014.06.12 18:02:55.103,6.68906,6.69104,1.20,1.39
2014.06.12 18:02:57.799,6.68906,6.69104,1.20,1.39
2014.06.12 18:02:58.802,6.68906,6.69104,1.20,1.39
2014.06.12 18:03:00.886,6.68906,6.69097,1.20,1.00
2014.06.12 18:03:00.996,6.68906,6.69104,1.20,1.20
2014.06.12 18:03:01.350,6.68906,6.69096,1.20,1.00
2014.06.12 18:03:02.006,6.68922,6.69096,1.00,1.00
2014.06.12 18:03:41.017,6.68922,6.69097,1.00,1.00
2014.06.12 18:03:47.122,6.68916,6.69097,1.20,1.00
2014.06.12 18:03:49.099,6.68916,6.69097,1.20,1.19
2014.06.12 18:03:49.505,6.68916,6.69087,1.20,1.00
2014.06.12 18:03:57.047,6.68906,6.69087,1.20,1.00
2014.06.12 18:04:17.112,6.68905,6.69077,1.20,1.00
2014.06.12 18:04:18.657,6.68905,6.69037,1.20,1.00
2014.06.12 18:04:18.716,6.68869,6.69037,1.20,1.00
2014.06.12 18:04:25.509,6.68869,6.69066,1.20,1.39
2014.06.12 18:04:25.590,6.68873,6.69066,1.00,1.39
2014.06.12 18:04:26.509,6.68873,6.69066,1.00,1.39
2014.06.12 18:04:28.084,6.68873,6.69066,1.00,1.20
2014.06.12 18:04:30.620,6.68873,6.69057,1.00,1.00
2014.06.12 18:04:32.607,6.68878,6.69066,1.00,1.20
2014.06.12 18:04:35.905,6.68878,6.69057,1.00,1.00
2014.06.12 18:04:38.467,6.68889,6.69057,1.20,1.00
2014.06.12 18:04:48.580,6.68889,6.69057,1.20,1.19
2014.06.12 18:04:49.784,6.68889,6.69057,1.20,1.25
2014.06.12 18:04:51.091,6.68889,6.69057,1.20,1.19
2014.06.12 18:04:54.101,6.68889,6.69057,1.20,1.19
2014.06.12 18:04:59.150,6.68889,6.69057,1.20,1.00
2014.06.12 18:05:00.078,6.68889,6.69067,1.20,1.19
2014.06.12 18:05:00.253,6.68889,6.69067,1.20,1.00
2014.06.12 18:05:00.304,6.68889,6.69077,1.20,1.00
2014.06.12 18:05:00.622,6.68896,6.69077,1.00,1.00
2014.06.12 18:05:01.021,6.68911,6.69086,1.00,1.20
2014.06.12 18:05:01.332,6.68918,6.69086,1.00,1.20
2014.06.12 18:05:01.539,6.68918,6.69114,1.00,1.20
2014.06.12 18:05:01.591,6.68923,6.69114,1.00,1.20
2014.06.12 18:05:01.793,6.68918,6.69114,1.00,1.20
2014.06.12 18:05:01.895,6.68916,6.69106,1.20,1.00
2014.06.12 18:05:14.841,6.68916,6.69103,1.20,1.20
2014.06.12 18:05:15.180,6.68897,6.69081,1.00,1.00
2014.06.12 18:05:15.231,6.68886,6.69081,1.20,1.00
2014.06.12 18:05:16.330,6.68886,6.69072,1.20,1.00
2014.06.12 18:05:21.502,6.68886,6.69065,1.20,1.00
2014.06.12 18:05:30.798,6.68886,6.69055,1.20,1.00
2014.06.12 18:05:31.129,6.68886,6.69064,1.20,1.00
2014.06.12 18:05:32.333,6.6886,6.69057,1.20,1.20
2014.06.12 18:05:33.751,6.6886,6.69046,1.20,1.00
2014.06.12 18:05:34.138,6.6886,6.69032,1.20,1.00
2014.06.12 18:05:34.476,6.6886,6.69027,1.20,1.00
2014.06.12 18:05:34.526,6.68835,6.69027,1.20,1.00
2014.06.12 18:05:40.622,6.68835,6.69009,1.20,1.19
2014.06.12 18:05:40.673,6.68813,6.69007,1.00,1.39
2014.06.12 18:05:41.005,6.68809,6.68993,1.20,1.19
2014.06.12 18:05:41.056,6.68809,6.68983,1.20,1.00
2014.06.12 18:05:41.240,6.68782,6.6898,1.20,1.20
2014.06.12 18:05:42.105,6.68782,6.6898,1.20,1.39
2014.06.12 18:05:43.363,6.68782,6.6898,1.20,1.20
2014.06.12 18:05:51.314,6.6881,6.68993,1.20,1.00
2014.06.12 18:05:51.649,6.6881,6.68987,1.20,1.00
2014.06.12 18:05:51.958,6.68779,6.68973,1.20,1.00
2014.06.12 18:05:52.863,6.68779,6.68973,1.20,1.19
2014.06.12 18:05:53.869,6.68779,6.68973,1.20,1.00
2014.06.12 18:05:55.726,6.68779,6.68961,1.20,1.00
2014.06.12 18:05:56.028,6.68752,6.6895,1.20,1.20
2014.06.12 18:05:56.818,6.68752,6.68892,1.20,1.00
2014.06.12 18:05:57.020,6.68725,6.68892,1.20,1.00
2014.06.12 18:05:57.071,6.68725,6.6889,1.20,1.00
2014.06.12 18:05:57.122,6.687,6.6889,1.20,1.00
2014.06.12 18:05:58.148,6.687,6.68892,1.20,1.00
2014.06.12 18:05:58.372,6.687,6.68874,1.20,1.00
2014.06.12 18:05:58.675,6.687,6.68871,1.20,1.00
2014.06.12 18:05:59.192,6.687,6.68872,1.20,1.00
2014.06.12 18:06:05.276,6.687,6.6887,1.20,1.00
2014.06.12 18:06:07.885,6.68703,6.6887,1.00,1.00
2014.06.12 18:06:14.628,6.687,6.68863,1.20,1.00
2014.06.12 18:06:17.142,6.68683,6.68863,1.65,1.00
2014.06.12 18:06:23.341,6.68683,6.68859,1.20,1.00
2014.06.12 18:06:23.650,6.68683,6.68856,1.20,1.00
2014.06.12 18:06:24.295,6.68683,6.68855,1.20,1.00
2014.06.12 18:06:36.774,6.68683,6.68853,1.20,1.00
2014.06.12 18:06:37.237,6.68677,6.68853,1.20,1.00
2014.06.12 18:06:43.341,6.68677,6.68851,1.20,1.00
2014.06.12 18:06:43.839,6.68677,6.68847,1.20,1.00
2014.06.12 18:06:44.460,6.68677,6.68846,1.20,1.00
2014.06.12 18:06:53.126,6.68683,6.68846,1.00,1.00
2014.06.12 18:06:53.316,6.68677,6.68846,1.20,1.00
2014.06.12 18:06:57.482,6.68676,6.68846,1.20,1.00
2014.06.12 18:07:03.907,6.68676,6.68843,1.20,1.00
2014.06.12 18:07:04.157,6.68676,6.68845,1.20,1.00
2014.06.12 18:07:09.626,6.68676,6.6884,1.20,1.00
2014.06.12 18:07:15.696,6.68706,6.68849,1.20,1.00
2014.06.12 18:07:15.948,6.68706,6.68865,1.20,1.00
2014.06.12 18:07:16.116,6.68706,6.68869,1.20,1.00
2014.06.12 18:07:16.489,6.68706,6.68876,1.20,1.00
2014.06.12 18:07:16.594,6.68706,6.68884,1.20,1.00
2014.06.12 18:07:16.751,6.68723,6.68884,1.00,1.00
2014.06.12 18:07:17.081,6.68706,6.68884,1.20,1.00
2014.06.12 18:07:17.457,6.68706,6.68879,1.20,1.00
2014.06.12 18:07:23.942,6.68706,6.68876,1.20,1.00
2014.06.12 18:07:24.302,6.68706,6.68872,1.20,1.00
2014.06.12 18:07:27.086,6.68706,6.68894,1.20,1.00
2014.06.12 18:07:32.587,6.68733,6.68894,1.00,1.00
2014.06.12 18:07:33.032,6.68713,6.68894,1.00,1.00
2014.06.12 18:07:33.083,6.68718,6.68894,1.20,1.00
2014.06.12 18:07:33.425,6.68783,6.68905,1.00,1.20
2014.06.12 18:07:33.610,6.68783,6.68932,1.00,1.00
2014.06.12 18:07:33.766,6.68783,6.68951,1.00,1.00
2014.06.12 18:07:33.923,6.68768,6.68951,1.20,1.00
2014.06.12 18:07:34.757,6.68772,6.68951,1.20,1.00
2014.06.12 18:07:35.061,6.68793,6.68951,1.00,1.00
2014.06.12 18:07:35.213,6.68813,6.68974,1.00,1.00
2014.06.12 18:07:35.264,6.68813,6.6899,1.00,1.20
2014.06.12 18:07:36.991,6.68793,6.6899,1.00,1.20
2014.06.12 18:07:39.052,6.68792,6.6899,1.20,1.20
2014.06.12 18:07:39.523,6.68792,6.6899,1.20,1.39
2014.06.12 18:07:40.298,6.68792,6.68974,1.20,1.00
2014.06.12 18:07:43.706,6.68792,6.6899,1.20,1.20
2014.06.12 18:07:43.807,6.68803,6.6899,1.00,1.20
2014.06.12 18:07:48.946,6.68795,6.6899,1.00,1.20
2014.06.12 18:07:49.133,6.68792,6.6899,1.20,1.20
2014.06.12 18:07:49.539,6.68803,6.6899,1.00,1.20
2014.06.12 18:07:51.948,6.68792,6.6899,1.20,1.20
2014.06.12 18:07:52.031,6.68803,6.6899,1.00,1.20
2014.06.12 18:07:52.141,6.68792,6.6899,1.20,1.20
2014.06.12 18:07:52.357,6.68803,6.6899,1.00,1.20
2014.06.12 18:07:53.354,6.68792,6.6899,1.20,1.20
2014.06.12 18:07:55.098,6.68803,6.68993,1.20,1.00
2014.06.12 18:08:04.669,6.68803,6.69001,1.65,1.20
2014.06.12 18:08:04.815,6.68805,6.69001,1.00,1.20
2014.06.12 18:08:07.846,6.68803,6.69001,1.65,1.20
2014.06.12 18:08:08.090,6.68813,6.69001,1.20,1.20
2014.06.12 18:08:08.395,6.68833,6.69028,1.20,1.19
2014.06.12 18:08:08.903,6.68833,6.69031,1.20,1.65
2014.06.12 18:08:25.326,6.68833,6.69031,1.20,1.84
2014.06.12 18:08:26.030,6.68844,6.69031,1.20,1.19
2014.06.12 18:08:26.134,6.68838,6.69031,1.20,1.19
2014.06.12 18:08:26.512,6.68853,6.69031,1.00,1.19
2014.06.12 18:08:26.900,6.68838,6.69031,1.20,1.19
2014.06.12 18:08:27.040,6.68838,6.69031,1.20,1.00
2014.06.12 18:08:27.120,6.68853,6.69031,1.00,1.00
2014.06.12 18:08:28.448,6.68843,6.69031,1.00,1.00
2014.06.12 18:08:28.549,6.68863,6.69031,1.20,1.00
2014.06.12 18:08:28.650,6.68863,6.69057,1.20,1.19
2014.06.12 18:08:29.556,6.68863,6.69057,1.20,1.25
2014.06.12 18:08:34.195,6.68873,6.69057,1.00,1.00
2014.06.12 18:08:34.511,6.68883,6.69061,1.00,1.09
2014.06.12 18:08:34.776,6.68889,6.69077,1.20,1.25
2014.06.12 18:08:38.222,6.68889,6.69087,1.20,1.39
2014.06.12 18:08:39.226,6.68889,6.69087,1.20,1.39
2014.06.12 18:08:40.232,6.68889,6.69087,1.20,1.39
2014.06.12 18:08:41.234,6.68889,6.69087,1.20,1.39
2014.06.12 18:08:43.244,6.68889,6.69087,1.20,1.39
2014.06.12 18:08:45.438,6.68889,6.69083,1.20,1.19
2014.06.12 18:08:47.565,6.68889,6.69083,1.20,1.19
2014.06.12 18:08:48.569,6.68889,6.69083,1.20,1.19
2014.06.12 18:08:49.575,6.68889,6.69083,1.20,1.19
2014.06.12 18:08:50.580,6.68889,6.69083,1.20,1.19
2014.06.12 18:08:52.587,6.68889,6.69083,1.20,1.19
2014.06.12 18:08:53.592,6.68889,6.69083,1.20,1.19
2014.06.12 18:08:54.613,6.68874,6.6907,1.00,1.20
2014.06.12 18:08:56.204,6.68874,6.6907,1.00,1.39
2014.06.12 18:08:57.225,6.68874,6.6907,1.00,1.39
2014.06.12 18:08:57.714,6.68872,6.6907,1.20,1.39
2014.06.12 18:08:58.746,6.68872,6.6907,1.20,1.39
2014.06.12 18:08:59.221,6.68872,6.6907,1.20,1.39
2014.06.12 18:09:01.232,6.68872,6.6907,1.20,1.39
2014.06.12 18:09:03.289,6.68872,6.6907,1.20,1.39
2014.06.12 18:09:03.766,6.68883,6.6907,1.50,1.39
2014.06.12 18:09:05.850,6.68883,6.6907,1.00,1.39
2014.06.12 18:09:06.604,6.68873,6.6907,1.00,1.39
2014.06.12 18:09:08.699,6.68872,6.6907,1.20,1.39
2014.06.12 18:09:08.902,6.68872,6.6907,1.20,1.39
2014.06.12 18:09:10.876,6.68872,6.6907,1.20,1.39
2014.06.12 18:09:12.882,6.68872,6.6907,1.20,1.20
2014.06.12 18:09:15.210,6.68871,6.69069,1.20,1.20
2014.06.12 18:09:15.888,6.68871,6.69069,1.20,1.39
2014.06.12 18:09:16.893,6.68871,6.69069,1.20,1.39
2014.06.12 18:09:17.899,6.68871,6.69069,1.20,1.39
2014.06.12 18:09:18.903,6.68871,6.69069,1.20,1.39
2014.06.12 18:09:19.909,6.68871,6.69069,1.20,1.39
2014.06.12 18:09:20.914,6.68871,6.69069,1.20,1.39
2014.06.12 18:09:21.586,6.68871,6.69069,1.39,1.20
2014.06.12 18:09:22.124,6.68873,6.69069,1.00,1.20
2014.06.12 18:09:32.764,6.68883,6.69069,1.00,1.20
2014.06.12 18:09:35.078,6.68873,6.69069,1.00,1.20
2014.06.12 18:09:40.058,6.68883,6.69069,1.00,1.20
2014.06.12 18:09:45.083,6.68873,6.69069,1.00,1.20
2014.06.12 18:09:45.212,6.68871,6.69069,1.20,1.20
2014.06.12 18:09:55.689,6.68863,6.6905,1.00,1.20
2014.06.12 18:09:56.124,6.68852,6.6905,1.20,1.20
2014.06.12 18:09:56.225,6.68852,6.69029,1.20,1.00
2014.06.12 18:09:56.276,6.68825,6.69023,1.20,1.20
2014.06.12 18:09:56.326,6.68825,6.69011,1.20,1.00
2014.06.12 18:09:57.568,6.68817,6.68998,1.00,1.20
2014.06.12 18:10:04.974,6.68815,6.68998,1.00,1.20
2014.06.12 18:10:05.193,6.68823,6.68998,1.00,1.20
2014.06.12 18:10:05.855,6.68828,6.68998,1.00,1.20
2014.06.12 18:10:07.202,6.6882,6.68998,1.00,1.20
2014.06.12 18:10:07.418,6.68815,6.68998,1.00,1.20
2014.06.12 18:10:07.642,6.6883,6.68998,1.00,1.20
2014.06.12 18:10:17.482,6.68782,6.68977,1.20,1.20
2014.06.12 18:10:17.583,6.68779,6.68977,1.20,1.20
2014.06.12 18:10:18.477,6.68779,6.68968,1.20,1.00
2014.06.12 18:10:23.547,6.68759,6.68952,1.20,1.20
2014.06.12 18:10:23.598,6.68755,6.68952,1.20,1.20
2014.06.12 18:10:23.956,6.68755,6.68946,1.20,1.00
2014.06.12 18:10:24.348,6.68755,6.68942,1.20,1.00
2014.06.12 18:10:24.407,6.68735,6.68926,1.20,1.20
2014.06.12 18:10:24.458,6.68728,6.68926,1.20,1.20
2014.06.12 18:10:36.879,6.68708,6.68899,1.20,1.20
2014.06.12 18:10:36.930,6.68701,6.68899,1.65,1.20
2014.06.12 18:10:37.018,6.68701,6.68888,1.65,1.00
2014.06.12 18:10:47.623,6.68681,6.68874,1.20,1.20
2014.06.12 18:10:47.724,6.68677,6.68862,1.20,1.00
2014.06.12 18:10:48.491,6.68677,6.68841,1.20,1.00
2014.06.12 18:10:48.541,6.68646,6.68841,1.65,1.00
2014.06.12 18:10:48.693,6.68647,6.68817,1.00,1.00
2014.06.12 18:10:49.229,6.68646,6.68837,1.20,1.00
2014.06.12 18:10:49.381,6.68646,6.68812,1.20,1.00
2014.06.12 18:10:50.546,6.68626,6.68812,1.20,1.00
2014.06.12 18:10:50.597,6.68616,6.68812,1.20,1.00
2014.06.12 18:10:50.698,6.68616,6.68792,1.20,1.00
2014.06.12 18:10:56.048,6.68616,6.68813,1.20,1.00
2014.06.12 18:11:00.173,6.68616,6.68807,1.20,1.00
2014.06.12 18:11:00.325,6.68588,6.68786,1.20,1.20
2014.06.12 18:11:05.522,6.6859,6.68786,1.00,1.20
2014.06.12 18:11:05.882,6.68593,6.68786,1.00,1.20
2014.06.12 18:11:17.323,6.68588,6.68786,1.20,1.20
2014.06.12 18:11:25.309,6.68582,6.6878,1.20,1.20
2014.06.12 18:11:25.765,6.68582,6.68768,1.20,1.00
2014.06.12 18:11:26.068,6.68543,6.68718,1.00,1.20
2014.06.12 18:11:26.520,6.68554,6.68718,1.00,1.20
2014.06.12 18:11:27.073,6.68553,6.68718,1.00,1.20
2014.06.12 18:11:27.276,6.68553,6.68738,1.00,1.65
2014.06.12 18:11:27.618,6.68549,6.68738,1.00,1.00
2014.06.12 18:11:27.940,6.68545,6.68738,1.20,1.00
2014.06.12 18:11:28.041,6.68545,6.68736,1.20,1.00
2014.06.12 18:11:28.344,6.68503,6.68687,1.00,1.20
2014.06.12 18:11:28.723,6.68513,6.68687,1.00,1.20
2014.06.12 18:11:28.946,6.68517,6.68715,1.20,1.20
2014.06.12 18:11:28.997,6.68523,6.68715,1.00,1.20
2014.06.12 18:11:32.349,6.68522,6.68715,1.00,1.20
2014.06.12 18:11:32.450,6.68517,6.68715,1.20,1.20
2014.06.12 18:11:32.652,6.68517,6.68698,1.20,1.00
2014.06.12 18:11:33.342,6.68523,6.68698,1.00,1.00
2014.06.12 18:11:33.891,6.68527,6.68715,1.00,1.20
2014.06.12 18:11:34.093,6.68541,6.68715,1.00,1.20
2014.06.12 18:11:34.374,6.68544,6.68742,1.20,1.20
2014.06.12 18:11:34.425,6.68549,6.68742,1.00,1.20
2014.06.12 18:11:36.088,6.68551,6.68742,1.00,1.20
2014.06.12 18:11:36.310,6.68563,6.68742,1.00,1.20
2014.06.12 18:11:37.127,6.68553,6.68742,1.00,1.20
2014.06.12 18:11:37.329,6.68546,6.68742,1.00,1.20
2014.06.12 18:11:37.517,6.68553,6.68742,1.00,1.20
2014.06.12 18:11:39.707,6.68556,6.68742,1.00,1.20
2014.06.12 18:11:40.058,6.6857,6.68743,1.20,1.00
2014.06.12 18:11:41.540,6.6857,6.68767,1.20,1.20
2014.06.12 18:11:42.582,6.68573,6.68767,1.00,1.20
2014.06.12 18:11:43.572,6.68571,6.68767,1.00,1.20
2014.06.12 18:11:44.381,6.68573,6.68767,1.00,1.20
2014.06.12 18:11:44.887,6.68576,6.68767,1.00,1.20
2014.06.12 18:11:45.541,6.68583,6.68767,1.00,1.20
2014.06.12 18:11:46.533,6.68593,6.68767,1.00,1.20
2014.06.12 18:11:46.943,6.68595,6.68781,1.20,1.00
2014.06.12 18:11:47.042,6.686,6.68781,1.00,1.00
2014.06.12 18:11:47.268,6.686,6.68792,1.00,1.20
2014.06.12 18:11:47.622,6.68604,6.68792,1.00,1.20
2014.06.12 18:11:47.956,6.68621,6.68806,1.20,1.00
2014.06.12 18:11:48.155,6.68621,6.68817,1.20,1.20
2014.06.12 18:11:48.408,6.68625,6.68817,1.00,1.20
2014.06.12 18:11:48.731,6.68629,6.68817,1.00,1.20
2014.06.12 18:11:49.083,6.68632,6.68817,1.00,1.20
2014.06.12 18:11:49.605,6.68633,6.68817,1.00,1.20
2014.06.12 18:11:50.122,6.68636,6.68817,1.00,1.20
2014.06.12 18:11:50.561,6.68638,6.68817,1.00,1.20
2014.06.12 18:11:50.892,6.6864,6.68817,1.00,1.20
2014.06.12 18:11:50.943,6.68647,6.68828,1.20,1.00
2014.06.12 18:11:51.702,6.68647,6.68845,1.20,1.20
2014.06.12 18:11:52.758,6.68647,6.6883,1.20,1.00
2014.06.12 18:11:52.910,6.68647,6.68845,1.65,1.20
2014.06.12 18:11:53.091,6.68649,6.68845,1.00,1.20
2014.06.12 18:11:54.133,6.68653,6.68845,1.00,1.20
2014.06.12 18:11:55.072,6.68654,6.68845,1.00,1.20
2014.06.12 18:11:55.373,6.68656,6.68845,1.00,1.20
2014.06.12 18:11:56.061,6.68654,6.68845,1.00,1.20
2014.06.12 18:11:56.422,6.68657,6.68845,1.00,1.20
2014.06.12 18:11:56.904,6.68659,6.68845,1.00,1.20
2014.06.12 18:11:57.056,6.68673,6.68871,1.20,1.20
2014.06.12 18:11:57.381,6.68677,6.68871,1.00,1.20
2014.06.12 18:11:58.091,6.68678,6.68871,1.00,1.20
2014.06.12 18:11:58.531,6.6868,6.68871,1.00,1.20
2014.06.12 18:11:59.521,6.68683,6.68871,1.00,1.20
2014.06.12 18:11:59.851,6.68685,6.68871,1.00,1.20
2014.06.12 18:12:00.662,6.68687,6.68871,1.00,1.20
2014.06.12 18:12:01.611,6.68691,6.68871,1.00,1.20
2014.06.12 18:12:01.847,6.68701,6.68896,1.20,1.20
2014.06.12 18:12:03.194,6.68704,6.68896,1.00,1.20
2014.06.12 18:12:03.983,6.68705,6.68896,1.00,1.20
2014.06.12 18:12:15.841,6.68707,6.68896,1.00,1.20
2014.06.12 18:12:22.133,6.68713,6.68903,1.20,1.00
2014.06.12 18:12:27.891,6.68744,6.68923,1.20,1.00
2014.06.12 18:12:27.992,6.68744,6.6894,1.20,1.39
2014.06.12 18:12:28.921,6.68744,6.6894,1.20,1.20
2014.06.12 18:12:29.441,6.68747,6.6894,1.00,1.20
2014.06.12 18:12:30.805,6.68744,6.6894,1.20,1.20
2014.06.12 18:12:31.082,6.68744,6.68928,1.20,1.00
2014.06.12 18:12:36.780,6.68732,6.68888,1.00,1.20
2014.06.12 18:12:36.831,6.68696,6.68885,1.00,1.00
2014.06.12 18:12:36.983,6.68693,6.68885,1.00,1.00
2014.06.12 18:12:37.084,6.68693,6.68862,1.00,1.20
2014.06.12 18:12:37.134,6.68673,6.68862,1.00,1.20
2014.06.12 18:12:38.351,6.68667,6.68862,1.20,1.20
2014.06.12 18:12:38.610,6.68653,6.68808,1.00,1.00
2014.06.12 18:12:38.770,6.68623,6.68808,1.00,1.19
2014.06.12 18:12:38.821,6.68623,6.688,1.00,1.00
2014.06.12 18:12:39.110,6.68603,6.68785,1.00,1.20
2014.06.12 18:12:39.161,6.68603,6.68757,1.00,1.20
2014.06.12 18:12:39.798,6.68603,6.68755,1.00,1.19
2014.06.12 18:12:39.899,6.68563,6.68755,1.00,1.19
2014.06.12 18:12:40.568,6.68563,6.68692,1.00,1.00
2014.06.12 18:12:40.669,6.6853,6.68692,1.00,1.00
2014.06.12 18:12:40.720,6.68526,6.68692,1.20,1.00
2014.06.12 18:12:40.771,6.68526,6.68688,1.20,1.00
2014.06.12 18:12:40.821,6.68503,6.68675,1.00,1.20
2014.06.12 18:12:40.872,6.68493,6.68675,1.00,1.20
2014.06.12 18:12:40.923,6.68493,6.68675,1.00,1.39
2014.06.12 18:12:41.249,6.68523,6.68656,1.00,1.00
2014.06.12 18:12:41.300,6.68483,6.68675,1.00,1.20
2014.06.12 18:12:41.351,6.68492,6.68675,1.00,1.20
2014.06.12 18:12:41.552,6.68489,6.68675,1.00,1.20
2014.06.12 18:12:41.692,6.68503,6.68675,1.00,1.20
2014.06.12 18:12:42.631,6.68496,6.68675,1.00,1.20
2014.06.12 18:12:43.300,6.68498,6.68675,1.00,1.20
2014.06.12 18:12:43.621,6.685,6.68675,1.00,1.20
2014.06.12 18:12:43.872,6.68496,6.68675,1.00,1.20
2014.06.12 18:12:44.847,6.68516,6.68675,1.00,1.20
2014.06.12 18:12:45.100,6.68517,6.68695,1.00,1.20
2014.06.12 18:12:45.151,6.68517,6.687,1.00,1.20
2014.06.12 18:12:45.886,6.68517,6.68688,1.00,1.20
2014.06.12 18:12:46.141,6.68483,6.68655,1.00,1.00
2014.06.12 18:12:46.293,6.68489,6.68668,1.00,1.20
2014.06.12 18:12:46.344,6.68489,6.68668,1.19,1.20
2014.06.12 18:12:46.546,6.68499,6.68695,1.20,1.20
2014.06.12 18:12:46.597,6.68503,6.68695,1.00,1.20
2014.06.12 18:12:47.569,6.68499,6.68695,1.20,1.20
2014.06.12 18:12:47.620,6.68522,6.68695,1.00,1.20
2014.06.12 18:12:47.830,6.68524,6.68715,1.20,1.20
2014.06.12 18:12:47.882,6.68524,6.68722,1.20,1.20
2014.06.12 18:12:50.780,6.68529,6.68722,1.00,1.20
2014.06.12 18:12:51.110,6.68531,6.68722,1.00,1.20
2014.06.12 18:12:51.431,6.68493,6.68659,1.00,1.00
2014.06.12 18:12:51.734,6.68522,6.68682,1.00,1.20
2014.06.12 18:12:51.836,6.6854,6.68708,1.20,1.20
2014.06.12 18:12:51.937,6.6854,6.68738,1.20,1.20
2014.06.12 18:12:53.916,6.6854,6.68733,1.20,1.00
2014.06.12 18:12:54.017,6.68511,6.68709,1.20,1.20
2014.06.12 18:13:06.051,6.68513,6.68709,1.00,1.20
2014.06.12 18:13:07.141,6.68523,6.68709,1.00,1.20
2014.06.12 18:13:07.943,6.68524,6.68709,1.00,1.20
2014.06.12 18:13:08.582,6.68527,6.68709,1.00,1.20
2014.06.12 18:13:09.242,6.68528,6.68709,1.00,1.20
2014.06.12 18:13:09.580,6.6853,6.68709,1.00,1.20
2014.06.12 18:13:10.340,6.68533,6.68709,1.00,1.20
2014.06.12 18:13:10.777,6.68538,6.68729,1.20,1.20
2014.06.12 18:13:10.828,6.68538,6.68736,1.20,1.20
2014.06.12 18:13:11.350,6.68543,6.68736,1.00,1.20
2014.06.12 18:13:11.599,6.68538,6.68736,1.20,1.20
2014.06.12 18:13:11.650,6.6854,6.68736,1.00,1.20
2014.06.12 18:13:11.956,6.68553,6.68736,1.00,1.20
2014.06.12 18:13:12.321,6.68563,6.68736,1.00,1.20
2014.06.12 18:13:13.530,6.68553,6.68736,1.00,1.20
2014.06.12 18:13:13.819,6.68555,6.68736,1.00,1.20
2014.06.12 18:13:14.151,6.68563,6.68736,1.00,1.20
2014.06.12 18:13:14.590,6.68574,6.68736,1.00,1.20
2014.06.12 18:13:14.751,6.68574,6.68756,1.00,1.20
2014.06.12 18:13:14.802,6.68574,6.68761,1.00,1.20
2014.06.12 18:13:14.953,6.68576,6.68761,1.00,1.20
2014.06.12 18:13:15.472,6.6859,6.68761,1.00,1.20
2014.06.12 18:13:15.523,6.68594,6.68781,1.00,1.20
2014.06.12 18:13:15.574,6.68594,6.68786,1.00,1.20
2014.06.12 18:13:15.625,6.6859,6.68786,1.00,1.20
2014.06.12 18:13:15.827,6.68598,6.68786,1.00,1.20
2014.06.12 18:13:16.547,6.68599,6.68786,1.00,1.20
2014.06.12 18:13:18.102,6.68607,6.68786,1.00,1.20
2014.06.12 18:13:19.363,6.6861,6.68786,1.00,1.20
2014.06.12 18:13:20.372,6.68624,6.68786,1.00,1.20
2014.06.12 18:13:20.570,6.68613,6.68786,1.00,1.20
2014.06.12 18:13:20.721,6.68613,6.68806,2.40,1.20
2014.06.12 18:13:20.772,6.68613,6.68811,2.40,1.20
2014.06.12 18:13:20.873,6.68615,6.68811,1.00,1.20
2014.06.12 18:13:21.568,6.68621,6.68811,1.00,1.20
2014.06.12 18:13:22.097,6.68641,6.68811,1.00,1.20
2014.06.12 18:13:22.412,6.68644,6.68811,1.00,1.20
2014.06.12 18:13:23.001,6.68644,6.68838,1.00,1.20
2014.06.12 18:13:23.500,6.68649,6.68838,1.00,1.20
2014.06.12 18:13:23.813,6.68651,6.68838,1.00,1.20
2014.06.12 18:13:23.864,6.68668,6.68866,1.20,1.20
2014.06.12 18:13:26.800,6.68669,6.68866,1.00,1.20
2014.06.12 18:13:27.131,6.68672,6.68866,1.00,1.20
2014.06.12 18:13:27.583,6.68675,6.68866,1.00,1.20
2014.06.12 18:13:28.587,6.68678,6.68866,1.00,1.20
2014.06.12 18:13:28.918,6.68692,6.68866,1.00,1.20
2014.06.12 18:13:29.280,6.68694,6.68866,1.00,1.20
2014.06.12 18:13:29.969,6.68693,6.68866,1.00,1.20
2014.06.12 18:13:30.430,6.68697,6.68866,1.00,1.20
2014.06.12 18:13:30.752,6.68699,6.68866,1.00,1.20
2014.06.12 18:13:30.803,6.68699,6.68891,1.00,1.20
2014.06.12 18:13:30.870,6.68701,6.68891,1.00,1.20
2014.06.12 18:13:31.273,6.68703,6.68891,1.00,1.20
2014.06.12 18:13:31.667,6.68708,6.68891,1.00,1.20
2014.06.12 18:13:32.278,6.68709,6.68891,1.00,1.20
2014.06.12 18:13:32.660,6.68713,6.68891,1.00,1.20
2014.06.12 18:13:33.647,6.68716,6.68891,1.00,1.20
2014.06.12 18:13:34.170,6.68718,6.68891,1.00,1.20
2014.06.12 18:13:34.372,6.68718,6.68911,1.65,1.20
2014.06.12 18:13:34.422,6.68728,6.68911,1.00,1.20
2014.06.12 18:13:34.473,6.68728,6.68916,1.00,1.20
2014.06.12 18:13:35.599,6.68732,6.68916,1.00,1.20
2014.06.12 18:13:36.067,6.68735,6.68916,1.00,1.20
2014.06.12 18:13:36.810,6.68738,6.68916,1.00,1.20
2014.06.12 18:13:38.065,6.68743,6.68916,1.00,1.20
2014.06.12 18:13:39.403,6.68745,6.68936,1.20,1.20
2014.06.12 18:13:39.454,6.68746,6.68943,1.00,1.20
2014.06.12 18:13:39.603,6.68748,6.68943,1.00,1.20
2014.06.12 18:13:40.687,6.6875,6.68943,1.00,1.20
2014.06.12 18:13:41.600,6.68754,6.68943,1.00,1.20
2014.06.12 18:13:42.370,6.68754,6.68943,1.19,1.20
2014.06.12 18:13:42.718,6.68763,6.68943,1.00,1.20
2014.06.12 18:13:43.338,6.68763,6.68943,1.19,1.20
2014.06.12 18:13:43.681,6.68773,6.68943,1.00,1.20
2014.06.12 18:13:44.660,6.68783,6.68943,1.00,1.20
2014.06.12 18:13:46.640,6.68793,6.68943,1.00,1.20
2014.06.12 18:13:46.741,6.68793,6.68968,1.00,1.20
2014.06.12 18:13:47.630,6.68794,6.68968,1.00,1.20
2014.06.12 18:13:48.620,6.68793,6.68968,1.00,1.20
2014.06.12 18:13:49.371,6.68803,6.68968,1.00,1.20
2014.06.12 18:13:53.387,6.68803,6.68968,1.19,1.20
2014.06.12 18:13:55.391,6.68803,6.68968,1.25,1.20
2014.06.12 18:13:56.395,6.68803,6.68968,1.19,1.20
2014.06.12 18:13:57.412,6.68783,6.68968,1.25,1.20
2014.06.12 18:13:58.970,6.68773,6.68968,1.19,1.20
2014.06.12 18:13:59.184,6.68763,6.68943,1.69,1.20
2014.06.12 18:14:00.125,6.68763,6.68943,1.00,1.20
2014.06.12 18:14:05.390,6.68753,6.68943,1.19,1.20
2014.06.12 18:14:05.950,6.68753,6.68943,1.00,1.20
2014.06.12 18:14:06.234,6.68763,6.68943,1.00,1.20
2014.06.12 18:14:08.265,6.68763,6.68943,1.19,1.20
2014.06.12 18:14:09.171,6.68763,6.68943,1.19,1.20
2014.06.12 18:14:10.175,6.68763,6.68943,1.00,1.20
2014.06.12 18:14:11.070,6.68783,6.68943,1.00,1.20
2014.06.12 18:14:11.171,6.68783,6.68962,1.00,1.20
2014.06.12 18:14:11.222,6.68783,6.68979,1.00,1.20
2014.06.12 18:14:12.230,6.68797,6.68979,1.19,1.20
2014.06.12 18:14:14.904,6.68787,6.68979,1.19,1.20
2014.06.12 18:14:15.908,6.68787,6.68979,1.19,1.20
2014.06.12 18:14:17.110,6.68787,6.68979,1.19,1.20
2014.06.12 18:14:17.913,6.68787,6.68979,1.19,1.20
2014.06.12 18:14:19.873,6.68803,6.68979,1.00,1.20
2014.06.12 18:14:20.329,6.68807,6.68979,1.19,1.20
2014.06.12 18:14:21.437,6.68803,6.68979,1.19,1.20
2014.06.12 18:14:22.533,6.68803,6.68979,1.19,1.20
2014.06.12 18:14:23.446,6.68803,6.68979,1.19,1.20
2014.06.12 18:14:24.450,6.68803,6.68979,1.19,1.20
2014.06.12 18:14:25.455,6.68803,6.68979,1.19,1.20
2014.06.12 18:14:26.459,6.68803,6.68979,1.19,1.20
2014.06.12 18:14:29.474,6.68803,6.68979,1.19,1.20
2014.06.12 18:14:31.200,6.68803,6.68979,1.19,1.20
2014.06.12 18:14:31.540,6.68803,6.68981,1.19,1.20
2014.06.12 18:14:33.213,6.68803,6.68981,1.19,1.20
2014.06.12 18:14:34.218,6.68803,6.68981,1.19,1.20
2014.06.12 18:14:35.350,6.68813,6.68981,1.00,1.20
2014.06.12 18:14:43.945,6.68823,6.68981,1.00,1.20
2014.06.12 18:14:44.046,6.68834,6.69001,1.00,1.20
2014.06.12 18:14:44.097,6.68834,6.69005,1.00,1.20
2014.06.12 18:14:44.198,6.68823,6.69005,1.00,1.20
2014.06.12 18:14:44.834,6.6881,6.69005,1.20,1.20
2014.06.12 18:14:44.936,6.68803,6.68982,1.19,1.20
2014.06.12 18:14:45.886,6.68803,6.68982,1.00,1.20
2014.06.12 18:14:47.559,6.68787,6.68982,1.19,1.20
2014.06.12 18:14:50.917,6.68794,6.68982,1.19,1.20
2014.06.12 18:14:51.922,6.68794,6.68982,1.19,1.20
2014.06.12 18:14:52.326,6.68794,6.68953,1.19,1.20
2014.06.12 18:14:52.377,6.68787,6.68953,1.00,1.20
2014.06.12 18:14:52.479,6.68773,6.68953,1.00,1.20
2014.06.12 18:14:52.580,6.68769,6.68923,1.00,1.20
2014.06.12 18:14:52.682,6.68753,6.68923,1.19,1.20
2014.06.12 18:14:53.641,6.68753,6.68923,1.00,1.20
2014.06.12 18:14:54.658,6.68743,6.68923,1.25,1.20
2014.06.12 18:14:55.191,6.68753,6.68923,1.00,1.20
2014.06.12 18:14:58.160,6.68743,6.68923,1.00,1.20
2014.06.12 18:15:01.224,6.68743,6.68923,1.19,1.20
2014.06.12 18:15:01.906,6.68754,6.68923,1.00,1.20
2014.06.12 18:15:03.994,6.68743,6.68923,1.00,1.20
2014.06.12 18:15:04.788,6.68728,6.68923,1.00,1.20
2014.06.12 18:15:04.889,6.68727,6.68913,1.20,1.20
2014.06.12 18:15:05.206,6.68694,6.68861,1.00,1.20
2014.06.12 18:15:08.758,6.68686,6.68861,1.00,1.20
2014.06.12 18:15:09.250,6.68686,6.68836,1.00,1.20
2014.06.12 18:15:09.301,6.68674,6.68836,1.19,1.20
2014.06.12 18:15:09.503,6.68683,6.68836,1.00,1.20
2014.06.12 18:15:09.861,6.68674,6.68836,1.19,1.20
2014.06.12 18:15:10.255,6.68673,6.68836,1.00,1.20
2014.06.12 18:15:10.376,6.68683,6.68836,1.00,1.20
2014.06.12 18:15:10.528,6.68673,6.68836,1.00,1.20
2014.06.12 18:15:12.790,6.68673,6.68836,1.19,1.20
2014.06.12 18:15:12.942,6.68694,6.68861,1.00,1.20
2014.06.12 18:15:26.978,6.68683,6.68861,1.25,1.20
2014.06.12 18:15:27.130,6.68693,6.68861,1.00,1.20
2014.06.12 18:15:27.247,6.68673,6.68861,1.19,1.20
2014.06.12 18:15:27.348,6.68693,6.68861,1.00,1.20
2014.06.12 18:15:29.289,6.68695,6.68861,1.19,1.20
2014.06.12 18:15:29.390,6.68695,6.68887,1.19,1.00
2014.06.12 18:15:29.441,6.68723,6.68887,1.00,1.00
2014.06.12 18:15:29.643,6.68743,6.68916,1.00,1.20
2014.06.12 18:15:31.823,6.68733,6.68916,1.19,1.20
2014.06.12 18:15:31.924,6.68733,6.68874,1.19,1.20
2014.06.12 18:15:32.865,6.68703,6.68874,1.00,1.20
2014.06.12 18:15:33.430,6.68702,6.68874,1.00,1.20
2014.06.12 18:15:38.988,6.68693,6.68874,1.00,1.20
2014.06.12 18:15:42.922,6.68683,6.68874,1.69,1.20
2014.06.12 18:15:46.528,6.68683,6.68874,1.69,1.20
2014.06.12 18:15:47.229,6.68683,6.68874,1.69,1.20
2014.06.12 18:15:48.238,6.68683,6.68874,1.69,1.20
2014.06.12 18:15:49.238,6.68683,6.68874,1.69,1.20
2014.06.12 18:15:50.242,6.68683,6.68874,1.69,1.20
2014.06.12 18:15:51.246,6.68683,6.68874,1.69,1.20
2014.06.12 18:15:52.521,6.68683,6.68864,1.69,1.20
2014.06.12 18:15:53.257,6.68683,6.68864,1.69,1.20
2014.06.12 18:15:55.266,6.68683,6.68864,1.69,1.20
2014.06.12 18:15:56.272,6.68683,6.68864,1.69,1.20
2014.06.12 18:15:57.275,6.68683,6.68864,1.69,1.20
2014.06.12 18:15:58.280,6.68683,6.68864,1.69,1.20
2014.06.12 18:16:00.290,6.68683,6.68864,1.69,1.20
2014.06.12 18:16:01.587,6.68683,6.68864,1.69,1.20
2014.06.12 18:16:02.393,6.68683,6.68864,1.69,1.20
2014.06.12 18:16:03.297,6.68683,6.68864,1.69,1.20
2014.06.12 18:16:04.303,6.68683,6.68864,1.69,1.20
2014.06.12 18:16:05.307,6.68683,6.68864,1.69,1.20
2014.06.12 18:16:06.312,6.68683,6.68864,1.69,1.20
2014.06.12 18:16:08.319,6.68683,6.68864,1.69,1.20
2014.06.12 18:16:09.323,6.68683,6.68864,1.69,1.20
2014.06.12 18:16:10.328,6.68683,6.68864,1.69,1.20
2014.06.12 18:16:13.342,6.68683,6.68864,1.69,1.20
2014.06.12 18:16:14.190,6.68693,6.68864,1.00,1.20
2014.06.12 18:16:14.241,6.68693,6.68884,1.00,1.20
2014.06.12 18:16:14.292,6.68733,6.68889,1.00,1.00
2014.06.12 18:16:14.496,6.68703,6.6889,1.50,1.20
2014.06.12 18:16:14.598,6.68705,6.6889,1.00,1.20
2014.06.12 18:16:14.907,6.68701,6.6889,1.19,1.20
2014.06.12 18:16:15.321,6.68701,6.68885,1.19,1.20
2014.06.12 18:16:16.162,6.68701,6.68885,1.19,1.20
2014.06.12 18:16:17.166,6.68701,6.68885,1.19,1.20
2014.06.12 18:16:18.170,6.68701,6.68885,1.19,1.20
2014.06.12 18:16:19.202,6.68701,6.68885,1.19,1.20
2014.06.12 18:16:19.792,6.68713,6.68885,1.00,1.20
2014.06.12 18:16:19.991,6.68701,6.68885,1.19,1.20
2014.06.12 18:16:20.897,6.68713,6.68885,1.19,1.20
2014.06.12 18:16:20.948,6.68714,6.68912,1.39,1.20
2014.06.12 18:16:21.888,6.68733,6.68912,1.00,1.20
2014.06.12 18:16:24.911,6.68714,6.68912,1.84,1.20
2014.06.12 18:16:26.922,6.68714,6.68912,1.84,1.20
2014.06.12 18:16:28.128,6.68714,6.68912,1.84,1.20
2014.06.12 18:16:28.932,6.68714,6.68912,1.84,1.20
2014.06.12 18:16:29.937,6.68714,6.68912,1.84,1.20
2014.06.12 18:16:31.946,6.68714,6.68912,1.84,1.20
2014.06.12 18:16:33.187,6.68714,6.68912,1.65,1.20
2014.06.12 18:16:33.827,6.68734,6.68912,1.00,1.20
2014.06.12 18:16:34.241,6.68753,6.68939,1.19,1.00
2014.06.12 18:16:34.293,6.68753,6.68941,1.19,1.20
2014.06.12 18:16:35.163,6.68743,6.68941,1.84,1.20
2014.06.12 18:16:36.171,6.68743,6.68941,1.84,1.20
2014.06.12 18:16:37.862,6.68753,6.68941,1.00,1.20
2014.06.12 18:16:38.227,6.68745,6.68941,1.19,1.20
2014.06.12 18:16:39.217,6.68763,6.68941,1.00,1.20
2014.06.12 18:16:39.596,6.68763,6.68941,1.19,1.20
2014.06.12 18:16:40.202,6.68763,6.68941,1.19,1.20
2014.06.12 18:16:42.259,6.68763,6.68941,1.19,1.20
2014.06.12 18:16:43.218,6.68743,6.68941,1.84,1.20
2014.06.12 18:16:44.223,6.68743,6.68941,1.84,1.20
2014.06.12 18:16:45.352,6.68743,6.68941,1.20,1.39
2014.06.12 18:16:46.333,6.68743,6.68941,1.20,1.39
2014.06.12 18:16:47.339,6.68743,6.68941,1.20,1.39
2014.06.12 18:16:48.386,6.68743,6.68941,1.20,1.39
2014.06.12 18:16:49.351,6.68743,6.68941,1.20,1.39
2014.06.12 18:16:52.362,6.68743,6.68941,1.20,1.39
2014.06.12 18:16:53.577,6.68743,6.68941,1.20,1.39
2014.06.12 18:16:54.397,6.68741,6.68921,1.00,1.20
2014.06.12 18:16:55.383,6.68741,6.68921,1.19,1.20
2014.06.12 18:16:56.387,6.68741,6.68921,1.25,1.20
2014.06.12 18:16:57.441,6.68741,6.68921,1.19,1.20
2014.06.12 18:16:58.848,6.68741,6.68917,1.19,1.00
2014.06.12 18:16:59.087,6.68741,6.68921,1.19,1.20
2014.06.12 18:16:59.416,6.68741,6.68921,1.19,1.20
2014.06.12 18:17:00.424,6.68741,6.68921,1.19,1.20
2014.06.12 18:17:01.414,6.68741,6.68921,1.19,1.20
2014.06.12 18:17:02.419,6.68741,6.68921,1.19,1.20
2014.06.12 18:17:03.423,6.68741,6.68921,1.19,1.20
2014.06.12 18:17:09.393,6.6875,6.68921,1.19,1.20
2014.06.12 18:17:10.355,6.68752,6.68921,1.19,1.20
2014.06.12 18:17:13.366,6.68751,6.68921,1.19,1.20
2014.06.12 18:17:14.539,6.68751,6.6894,1.19,1.20
2014.06.12 18:17:15.374,6.68752,6.6894,1.19,1.20
2014.06.12 18:17:16.474,6.68756,6.6894,1.19,1.20
2014.06.12 18:17:17.387,6.68742,6.6894,1.39,1.09
2014.06.12 18:17:17.640,6.68742,6.68938,1.39,1.00
2014.06.12 18:17:17.690,6.68742,6.68934,1.20,1.20
2014.06.12 18:17:17.792,6.68741,6.68914,1.00,1.20
2014.06.12 18:17:18.015,6.68722,6.68914,1.00,1.20
2014.06.12 18:17:19.523,6.68722,6.68907,1.00,1.00
2014.06.12 18:17:22.066,6.68722,6.68914,1.00,1.20
2014.06.12 18:17:28.629,6.68722,6.68914,1.00,1.39
2014.06.12 18:17:30.640,6.68722,6.68914,1.00,1.39
2014.06.12 18:17:32.646,6.68722,6.68914,1.00,1.39
2014.06.12 18:17:33.652,6.68722,6.68914,1.00,1.20
2014.06.12 18:17:36.062,6.68722,6.68914,1.00,1.39
2014.06.12 18:17:37.975,6.68722,6.68907,1.00,1.39
2014.06.12 18:17:39.083,6.68722,6.68907,1.00,1.20
2014.06.12 18:17:40.525,6.68722,6.68906,1.00,1.00
2014.06.12 18:17:40.677,6.68722,6.68897,1.00,1.00
2014.06.12 18:17:40.790,6.68722,6.68907,1.00,1.65
2014.06.12 18:17:43.269,6.68722,6.68897,1.00,1.00
2014.06.12 18:17:43.523,6.68722,6.68907,1.00,1.65
2014.06.12 18:17:43.574,6.68709,6.68907,1.39,1.65
2014.06.12 18:17:43.625,6.68709,6.68907,1.65,1.65
2014.06.12 18:17:50.642,6.68709,6.68907,1.84,1.84
2014.06.12 18:17:52.176,6.68709,6.68897,1.84,1.00
2014.06.12 18:17:52.479,6.68703,6.68877,1.19,1.00
2014.06.12 18:17:53.569,6.68703,6.68877,1.00,1.00
2014.06.12 18:18:04.736,6.68703,6.68877,1.00,1.19
2014.06.12 18:18:05.524,6.68685,6.68877,2.59,1.19
2014.06.12 18:18:06.636,6.68685,6.68877,2.59,1.25
2014.06.12 18:18:06.745,6.68685,6.68877,2.59,1.19
2014.06.12 18:18:07.750,6.68685,6.68877,2.59,1.00
2014.06.12 18:18:08.761,6.68685,6.68877,2.59,1.00
2014.06.12 18:18:09.767,6.68685,6.68877,2.59,1.19
2014.06.12 18:18:10.273,6.68693,6.68881,1.19,1.20
2014.06.12 18:18:10.638,6.68709,6.68906,1.20,1.39
2014.06.12 18:18:11.298,6.68709,6.68906,1.20,1.20
2014.06.12 18:18:11.349,6.68709,6.68897,1.20,1.00
2014.06.12 18:18:13.350,6.68709,6.68906,1.20,1.39
2014.06.12 18:18:13.531,6.68709,6.68897,1.20,1.00
2014.06.12 18:18:18.314,6.68709,6.68897,1.20,1.19
2014.06.12 18:18:21.134,6.68703,6.68882,1.00,1.20
2014.06.12 18:18:21.705,6.68703,6.68882,1.00,1.39
2014.06.12 18:18:22.330,6.68703,6.68882,1.00,1.39
2014.06.12 18:18:23.335,6.68703,6.68882,1.00,1.39
2014.06.12 18:18:24.339,6.68703,6.68882,1.00,1.39
2014.06.12 18:18:27.352,6.68703,6.68882,1.00,1.39
2014.06.12 18:18:30.469,6.68703,6.68882,1.00,1.39
2014.06.12 18:18:31.474,6.68703,6.68882,1.00,1.39
2014.06.12 18:18:33.483,6.68703,6.68882,1.00,1.39
2014.06.12 18:18:35.492,6.68703,6.68882,1.00,1.39
2014.06.12 18:18:37.045,6.68703,6.68882,1.00,1.20
2014.06.12 18:18:41.492,6.68703,6.68891,1.00,1.39
2014.06.12 18:18:42.021,6.68703,6.68891,1.00,1.39
2014.06.12 18:18:43.028,6.68703,6.68891,1.00,1.39
2014.06.12 18:18:45.668,6.68703,6.68866,1.00,1.20
2014.06.12 18:18:45.719,6.68686,6.68866,1.19,1.20
2014.06.12 18:18:45.770,6.68686,6.68866,1.00,1.20
2014.06.12 18:18:45.821,6.68676,6.68866,1.00,1.20
2014.06.12 18:18:45.871,6.68676,6.68839,1.00,1.20
2014.06.12 18:18:46.023,6.68671,6.68839,1.00,1.20
2014.06.12 18:18:46.124,6.68655,6.68839,1.19,1.20
2014.06.12 18:18:46.916,6.68655,6.68839,1.19,1.20
2014.06.12 18:18:48.217,6.68655,6.68839,1.00,1.20
2014.06.12 18:18:49.735,6.6866,6.68839,1.00,1.20
2014.06.12 18:18:53.609,6.68668,6.68839,1.00,1.20
2014.06.12 18:18:53.711,6.6867,6.68868,1.09,1.20
2014.06.12 18:18:54.476,6.68673,6.68868,1.00,1.20
2014.06.12 18:18:54.815,6.68673,6.68843,1.00,1.20
2014.06.12 18:19:14.556,6.68656,6.68843,1.00,1.20
2014.06.12 18:19:14.966,6.68656,6.6885,1.19,1.39
2014.06.12 18:19:15.785,6.68656,6.6885,1.19,1.39
2014.06.12 18:19:16.850,6.68661,6.6885,1.19,1.20
2014.06.12 18:19:17.855,6.68666,6.6885,1.19,1.20
2014.06.12 18:19:21.875,6.68666,6.6885,1.19,1.20
2014.06.12 18:19:22.878,6.68666,6.6885,1.19,1.20
2014.06.12 18:19:23.882,6.68666,6.6885,1.19,1.20
2014.06.12 18:19:24.886,6.68666,6.6885,1.19,1.20
2014.06.12 18:19:25.890,6.68666,6.6885,1.19,1.20
2014.06.12 18:19:27.018,6.68671,6.6885,1.00,1.20
2014.06.12 18:19:27.342,6.68671,6.6885,1.19,1.20
2014.06.12 18:19:28.297,6.68671,6.6885,1.19,1.20
2014.06.12 18:19:29.251,6.68671,6.6885,1.19,1.20
2014.06.12 18:19:35.514,6.68674,6.68857,1.00,1.19
2014.06.12 18:19:36.285,6.68674,6.68857,1.00,1.19
2014.06.12 18:19:36.976,6.68662,6.68857,1.39,1.19
2014.06.12 18:19:37.325,6.68662,6.68857,1.20,1.19
2014.06.12 18:19:38.317,6.68662,6.68857,1.20,1.19
2014.06.12 18:19:40.403,6.68662,6.68857,1.20,1.19
2014.06.12 18:19:41.409,6.68662,6.68857,1.20,1.19
2014.06.12 18:19:42.517,6.68662,6.68856,1.20,1.19
2014.06.12 18:19:46.432,6.68662,6.68857,1.20,1.19
2014.06.12 18:19:47.437,6.68662,6.68856,1.20,1.19
2014.06.12 18:19:48.442,6.68662,6.68856,1.20,1.19
2014.06.12 18:19:49.548,6.68662,6.68852,1.20,1.19
2014.06.12 18:19:49.749,6.68662,6.68856,1.20,1.69
2014.06.12 18:19:50.752,6.68662,6.68856,1.20,1.19
2014.06.12 18:19:51.757,6.68662,6.68853,1.20,1.19
2014.06.12 18:19:52.764,6.68662,6.68855,1.20,1.19
2014.06.12 18:19:55.416,6.68662,6.68857,1.20,1.19
2014.06.12 18:19:56.682,6.68662,6.68852,1.25,1.39
2014.06.12 18:19:57.689,6.68662,6.68852,1.19,1.39
2014.06.12 18:19:58.800,6.68662,6.68852,1.00,1.39
2014.06.12 18:19:59.715,6.68655,6.68852,1.00,1.39
2014.06.12 18:20:00.808,6.68655,6.68852,1.19,1.39
2014.06.12 18:20:01.813,6.68655,6.68852,1.00,1.39
2014.06.12 18:20:02.821,6.68655,6.68852,1.00,1.39
2014.06.12 18:20:05.835,6.68655,6.68852,1.00,1.39
2014.06.12 18:20:06.842,6.68655,6.68852,1.25,1.39
2014.06.12 18:20:07.846,6.68655,6.68852,1.19,1.39
2014.06.12 18:20:08.888,6.68661,6.68852,1.19,1.39
2014.06.12 18:20:09.206,6.68666,6.68852,1.00,1.39
2014.06.12 18:20:09.960,6.68666,6.68852,1.19,1.20
2014.06.12 18:20:11.269,6.68666,6.68852,1.19,1.20
2014.06.12 18:20:12.978,6.68666,6.68852,1.19,1.20
2014.06.12 18:20:13.984,6.68666,6.68852,1.19,1.20
2014.06.12 18:20:14.987,6.68666,6.68852,1.19,1.20
2014.06.12 18:20:15.992,6.68666,6.68852,1.19,1.20
2014.06.12 18:20:16.486,6.68666,6.68862,1.19,1.20
2014.06.12 18:20:17.015,6.68666,6.68862,1.19,1.20
2014.06.12 18:20:17.905,6.68666,6.68862,1.19,1.20
2014.06.12 18:20:18.911,6.68667,6.68862,1.19,1.20
2014.06.12 18:20:20.918,6.68667,6.68862,1.19,1.20
2014.06.12 18:20:21.923,6.68676,6.68862,1.19,1.20
2014.06.12 18:20:22.929,6.68676,6.68862,1.19,1.20
2014.06.12 18:20:23.932,6.68676,6.68862,1.19,1.20
2014.06.12 18:20:25.232,6.68676,6.68862,1.19,1.20
2014.06.12 18:20:27.041,6.68676,6.68862,1.19,1.20
2014.06.12 18:20:28.952,6.68676,6.68862,1.19,1.20
2014.06.12 18:20:29.956,6.68676,6.68862,1.19,1.20
2014.06.12 18:20:30.961,6.68676,6.68862,1.19,1.20
2014.06.12 18:20:32.969,6.68676,6.68862,1.19,1.20
2014.06.12 18:20:34.075,6.68676,6.68862,1.00,1.20
2014.06.12 18:20:35.360,6.68664,6.68862,1.39,1.20
2014.06.12 18:20:36.082,6.68664,6.68862,1.39,1.20
2014.06.12 18:20:36.472,6.68677,6.68875,1.20,1.20
2014.06.12 18:20:37.088,6.68677,6.68875,1.39,1.20
2014.06.12 18:20:40.100,6.68677,6.68875,1.39,1.20
2014.06.12 18:20:41.106,6.68677,6.68875,1.39,1.20
2014.06.12 18:20:44.119,6.68677,6.68875,1.39,1.20
2014.06.12 18:20:45.122,6.68677,6.68875,1.39,1.20
2014.06.12 18:20:47.135,6.68677,6.68875,1.39,1.20
2014.06.12 18:20:48.141,6.68677,6.68875,1.39,1.20
2014.06.12 18:20:50.151,6.68677,6.68875,1.39,1.20
2014.06.12 18:20:52.947,6.68677,6.68857,1.39,1.00
2014.06.12 18:20:53.278,6.68677,6.68857,1.20,1.19
2014.06.12 18:20:53.592,6.68677,6.68846,1.20,1.00
2014.06.12 18:20:54.086,6.68677,6.68866,1.20,1.19
2014.06.12 18:20:54.595,6.68677,6.68875,1.20,1.20
2014.06.12 18:20:55.048,6.68677,6.6887,1.20,1.20
2014.06.12 18:20:55.098,6.68652,6.6885,1.20,1.20
2014.06.12 18:21:04.829,6.68652,6.6885,1.20,1.39
2014.06.12 18:21:05.833,6.68652,6.6885,1.20,1.39
2014.06.12 18:21:07.744,6.68652,6.6885,1.20,1.20
2014.06.12 18:21:15.502,6.68647,6.68845,1.20,1.20
2014.06.12 18:21:29.856,6.68663,6.68845,1.00,1.20
2014.06.12 18:21:30.108,6.68684,6.68882,1.39,1.20
2014.06.12 18:21:30.159,6.68725,6.68917,1.20,1.00
2014.06.12 18:21:30.260,6.687,6.68898,1.20,1.20
2014.06.12 18:21:30.311,6.687,6.68898,1.20,1.39
2014.06.12 18:21:31.273,6.68689,6.68873,1.00,1.20
2014.06.12 18:21:40.725,6.68702,6.689,1.20,1.39
2014.06.12 18:21:41.357,6.68702,6.689,1.20,1.20
2014.06.12 18:21:46.881,6.68734,6.68928,1.00,1.20
2014.06.12 18:21:47.220,6.68743,6.68928,1.00,1.20
2014.06.12 18:21:48.125,6.68734,6.68928,1.19,1.20
2014.06.12 18:21:48.866,6.68753,6.68928,1.00,1.20
2014.06.12 18:21:48.967,6.68743,6.68928,1.19,1.20
2014.06.12 18:21:49.346,6.68761,6.68959,1.20,1.20
2014.06.12 18:21:51.414,6.68761,6.68959,1.20,1.39
2014.06.12 18:21:51.759,6.68733,6.68931,1.84,1.20
2014.06.12 18:21:52.528,6.68733,6.68931,1.65,1.20
2014.06.12 18:22:04.083,6.68733,6.68931,1.39,1.20
2014.06.12 18:22:05.087,6.68733,6.68931,1.39,1.20
2014.06.12 18:22:06.091,6.68733,6.68931,1.20,1.09
2014.06.12 18:22:10.213,6.68733,6.68931,1.20,1.39
2014.06.12 18:22:11.118,6.68733,6.68931,1.20,1.20
2014.06.12 18:22:12.048,6.68731,6.68918,1.00,1.20
2014.06.12 18:22:23.343,6.68731,6.68918,1.19,1.20
2014.06.12 18:22:24.349,6.68731,6.68918,1.19,1.20
2014.06.12 18:22:25.396,6.68731,6.68918,1.25,1.20
2014.06.12 18:22:32.382,6.68731,6.68918,1.19,1.20
2014.06.12 18:22:33.387,6.68731,6.68917,1.19,1.20
2014.06.12 18:22:35.415,6.68731,6.68917,1.00,1.20
2014.06.12 18:22:36.400,6.68731,6.68917,1.19,1.20
2014.06.12 18:22:37.239,6.68744,6.68937,1.20,1.20
2014.06.12 18:22:37.290,6.68744,6.68942,1.20,1.09
2014.06.12 18:22:37.453,6.68744,6.68942,1.20,1.39
2014.06.12 18:22:38.812,6.68744,6.68942,1.20,1.20
2014.06.12 18:22:39.816,6.68744,6.68942,1.39,1.20
2014.06.12 18:22:40.822,6.68744,6.68942,1.39,1.20
2014.06.12 18:22:41.827,6.68744,6.68942,1.39,1.20
2014.06.12 18:22:43.837,6.68744,6.68942,1.39,1.20
2014.06.12 18:22:44.879,6.68744,6.68942,1.39,1.20
2014.06.12 18:22:47.049,6.68752,6.68942,1.19,1.20
2014.06.12 18:22:48.055,6.68752,6.68942,1.19,1.20
2014.06.12 18:22:50.468,6.68744,6.68942,1.39,1.20
2014.06.12 18:22:51.474,6.68744,6.68942,1.39,1.20
2014.06.12 18:22:52.491,6.68744,6.68942,1.39,1.20
2014.06.12 18:22:53.509,6.68753,6.68942,1.19,1.20
2014.06.12 18:22:54.604,6.68752,6.68942,1.19,1.20
2014.06.12 18:22:55.609,6.68752,6.68942,1.19,1.20
2014.06.12 18:22:57.456,6.68754,6.68952,1.39,1.20
2014.06.12 18:22:57.665,6.68754,6.68952,1.39,1.20
2014.06.12 18:22:58.626,6.68754,6.68952,1.39,1.20
2014.06.12 18:22:59.629,6.68754,6.68952,1.39,1.20
2014.06.12 18:23:00.635,6.68754,6.68952,1.39,1.20
2014.06.12 18:23:01.652,6.68754,6.68952,1.39,1.20
2014.06.12 18:23:02.642,6.68754,6.68952,1.39,1.20
2014.06.12 18:23:03.648,6.68754,6.68952,1.39,1.20
2014.06.12 18:23:07.651,6.68754,6.68952,1.39,1.20
2014.06.12 18:23:08.382,6.68754,6.68952,1.39,1.39
2014.06.12 18:23:09.358,6.68754,6.68952,1.39,1.39
2014.06.12 18:23:11.392,6.68754,6.68952,1.20,1.20
2014.06.12 18:23:12.412,6.68754,6.68941,1.20,1.20
2014.06.12 18:23:12.792,6.68752,6.68922,1.19,1.20
2014.06.12 18:23:13.152,6.68735,6.68922,1.19,1.20
2014.06.12 18:23:14.312,6.68753,6.68922,1.00,1.20
2014.06.12 18:23:14.565,6.68735,6.68922,1.19,1.20
2014.06.12 18:23:14.666,6.68749,6.68947,1.20,1.20
2014.06.12 18:23:14.767,6.68731,6.68919,1.19,1.20
2014.06.12 18:23:15.012,6.68723,6.68919,1.19,1.20
2014.06.12 18:23:15.325,6.68744,6.68919,1.00,1.20
2014.06.12 18:23:15.528,6.68763,6.68944,1.25,1.20
2014.06.12 18:23:15.730,6.68771,6.68969,1.20,1.84
2014.06.12 18:23:15.781,6.68773,6.68969,1.00,1.84
2014.06.12 18:23:16.704,6.68773,6.68969,1.19,1.20
2014.06.12 18:23:17.284,6.68783,6.68969,1.00,1.20
2014.06.12 18:23:21.933,6.68783,6.68969,1.19,1.20
2014.06.12 18:23:22.939,6.68783,6.68969,1.19,1.20
2014.06.12 18:23:23.945,6.68783,6.68969,1.19,1.20
2014.06.12 18:23:26.960,6.68783,6.68969,1.19,1.20
2014.06.12 18:23:28.968,6.68773,6.68969,1.19,1.20
2014.06.12 18:23:29.973,6.68773,6.68969,1.19,1.20
2014.06.12 18:23:30.976,6.68773,6.68969,1.19,1.20
2014.06.12 18:23:31.981,6.68773,6.68969,1.19,1.20
2014.06.12 18:23:32.389,6.68793,6.68969,1.00,1.20
2014.06.12 18:23:32.986,6.68793,6.68969,1.19,1.20
2014.06.12 18:23:33.990,6.68793,6.68969,1.25,1.20
2014.06.12 18:23:34.994,6.68793,6.68969,1.19,1.20
2014.06.12 18:23:35.976,6.68793,6.68985,1.19,1.20
2014.06.12 18:23:36.027,6.68793,6.68985,1.19,1.20
2014.06.12 18:23:37.028,6.68793,6.68985,1.19,1.20
2014.06.12 18:23:40.019,6.68793,6.68985,1.19,1.20
2014.06.12 18:23:40.385,6.68813,6.68985,1.00,1.20
2014.06.12 18:23:40.587,6.68823,6.69014,1.00,1.20
2014.06.12 18:23:42.163,6.68818,6.69014,1.39,1.20
2014.06.12 18:23:42.652,6.68818,6.69014,1.20,1.20
2014.06.12 18:23:43.121,6.68823,6.69014,1.00,1.20
2014.06.12 18:23:43.605,6.68818,6.69014,1.20,1.20
2014.06.12 18:23:45.903,6.68818,6.69014,1.20,1.39
2014.06.12 18:23:46.892,6.68818,6.69014,1.20,1.20
2014.06.12 18:24:00.420,6.68812,6.69005,1.00,1.20
2014.06.12 18:24:03.036,6.68812,6.69005,1.19,1.20
2014.06.12 18:24:03.939,6.68812,6.69005,1.25,1.20
2014.06.12 18:24:05.947,6.68812,6.69005,1.19,1.20
2014.06.12 18:24:06.991,6.68812,6.69005,1.00,1.20
2014.06.12 18:24:18.446,6.68812,6.68997,1.00,1.00
2014.06.12 18:24:18.554,6.68812,6.69005,1.00,1.20
2014.06.12 18:24:21.086,6.68812,6.68995,1.00,1.20
2014.06.12 18:24:32.737,6.68812,6.68995,1.19,1.20
2014.06.12 18:24:33.742,6.68812,6.68995,1.19,1.20
2014.06.12 18:24:34.747,6.68812,6.68995,1.00,1.20
2014.06.12 18:24:40.874,6.688,6.68995,1.09,1.20
2014.06.12 18:24:41.623,6.688,6.68998,1.09,1.20
2014.06.12 18:24:42.090,6.68803,6.68998,1.00,1.20
2014.06.12 18:24:42.884,6.68803,6.68998,1.19,1.20
2014.06.12 18:24:43.922,6.68803,6.68998,1.19,1.20
2014.06.12 18:24:45.897,6.688,6.68998,1.39,1.20
2014.06.12 18:24:46.902,6.688,6.68998,1.39,1.20
2014.06.12 18:24:47.959,6.68803,6.68998,1.19,1.20
2014.06.12 18:24:48.933,6.68803,6.68998,1.19,1.20
2014.06.12 18:24:49.381,6.68813,6.68998,1.00,1.20
2014.06.12 18:24:49.684,6.68791,6.68969,1.19,1.20
2014.06.12 18:24:50.681,6.68783,6.68969,1.00,1.20
2014.06.12 18:24:51.851,6.68783,6.68969,1.19,1.20
2014.06.12 18:24:52.852,6.68783,6.68969,1.00,1.20
2014.06.12 18:24:53.750,6.68772,6.68969,1.19,1.20
2014.06.12 18:24:53.936,6.68772,6.68969,1.19,1.20
2014.06.12 18:24:54.860,6.68772,6.68969,1.00,1.20
2014.06.12 18:25:00.560,6.68773,6.68969,1.00,1.20
2014.06.12 18:25:01.098,6.68772,6.68969,1.00,1.20
2014.06.12 18:25:01.879,6.68774,6.68969,1.00,1.20
2014.06.12 18:25:03.529,6.68772,6.68969,1.00,1.20
2014.06.12 18:25:04.416,6.68772,6.68969,1.19,1.20
2014.06.12 18:25:05.030,6.68772,6.68969,1.00,1.20
2014.06.12 18:25:05.471,6.68772,6.68942,1.00,1.20
2014.06.12 18:25:10.789,6.68773,6.68942,1.00,1.20
2014.06.12 18:25:11.388,6.68773,6.68962,1.00,1.20
2014.06.12 18:25:11.440,6.68773,6.68969,1.00,1.20
2014.06.12 18:25:11.779,6.68783,6.68969,1.00,1.20
2014.06.12 18:25:13.111,6.68772,6.68969,1.00,1.20
2014.06.12 18:25:13.539,6.68793,6.68969,1.00,1.20
2014.06.12 18:25:14.308,6.68773,6.68969,1.19,1.20
2014.06.12 18:25:14.954,6.68773,6.68969,1.19,1.20
2014.06.12 18:25:16.164,6.68773,6.68969,1.00,1.20
2014.06.12 18:25:17.173,6.68784,6.68969,1.00,1.20
2014.06.12 18:25:17.629,6.68793,6.68969,1.00,1.20
2014.06.12 18:25:22.730,6.68792,6.68969,1.25,1.20
2014.06.12 18:25:31.488,6.68792,6.68966,1.00,1.20
2014.06.12 18:25:33.341,6.68772,6.68966,1.19,1.20
2014.06.12 18:25:33.392,6.68772,6.68966,1.25,1.20
2014.06.12 18:25:50.052,6.68772,6.68938,1.00,1.20
2014.06.12 18:25:50.615,6.68754,6.68938,1.25,1.20
2014.06.12 18:26:01.899,6.68754,6.68938,1.19,1.20
2014.06.12 18:26:02.897,6.68754,6.68938,1.00,1.20
2014.06.12 18:26:03.901,6.68754,6.68938,1.19,1.20
2014.06.12 18:26:05.029,6.68754,6.68938,1.19,1.20
2014.06.12 18:26:05.910,6.68754,6.68938,1.19,1.20
2014.06.12 18:26:06.915,6.68754,6.68938,1.19,1.20
2014.06.12 18:26:07.959,6.68754,6.68938,1.00,1.20
2014.06.12 18:26:13.942,6.68754,6.68938,1.19,1.20
2014.06.12 18:26:14.948,6.68754,6.68938,1.00,1.20
2014.06.12 18:26:16.051,6.68754,6.68938,1.19,1.20
2014.06.12 18:26:17.959,6.68754,6.68938,1.19,1.20
2014.06.12 18:26:18.963,6.68754,6.68938,1.19,1.20
2014.06.12 18:26:22.981,6.68754,6.68938,1.19,1.20
2014.06.12 18:26:23.985,6.68754,6.68938,1.00,1.20
2014.06.12 18:26:30.512,6.68754,6.68944,1.00,1.20
2014.06.12 18:26:38.051,6.68754,6.68944,1.19,1.20
2014.06.12 18:26:39.057,6.68754,6.68944,1.19,1.20
2014.06.12 18:26:40.061,6.68754,6.68944,1.19,1.20
2014.06.12 18:26:41.088,6.68754,6.68944,1.19,1.20
2014.06.12 18:26:42.070,6.68754,6.68944,1.19,1.20
2014.06.12 18:26:44.079,6.68754,6.68944,1.19,1.20
2014.06.12 18:26:45.082,6.68754,6.68944,1.19,1.20
2014.06.12 18:26:46.588,6.68754,6.68944,1.25,1.20
2014.06.12 18:26:47.893,6.68754,6.68944,1.19,1.20
2014.06.12 18:26:48.640,6.68754,6.68944,1.19,1.20
2014.06.12 18:26:49.600,6.68754,6.68944,1.00,1.20
2014.06.12 18:26:50.602,6.68754,6.68944,1.19,1.20
2014.06.12 18:26:51.157,6.68749,6.68946,1.39,1.20
2014.06.12 18:26:51.638,6.68749,6.68946,1.39,1.20
2014.06.12 18:26:53.614,6.68749,6.68946,1.39,1.20
2014.06.12 18:26:54.628,6.68749,6.68946,1.39,1.20
2014.06.12 18:26:55.623,6.68749,6.68946,1.39,1.20
2014.06.12 18:26:56.630,6.68749,6.68946,1.39,1.20
2014.06.12 18:26:57.733,6.68749,6.68946,1.39,1.20
2014.06.12 18:26:58.738,6.68749,6.68946,1.39,1.20
2014.06.12 18:27:00.749,6.68749,6.68946,1.39,1.20
2014.06.12 18:27:01.753,6.68749,6.68946,1.20,1.20
2014.06.12 18:27:04.302,6.68749,6.68937,1.20,1.00
2014.06.12 18:27:04.531,6.68749,6.68946,1.20,1.20
2014.06.12 18:27:04.683,6.68749,6.68946,1.39,1.20
2014.06.12 18:27:05.664,6.68753,6.68946,1.19,1.20
2014.06.12 18:27:06.677,6.68753,6.68946,1.19,1.20
2014.06.12 18:27:07.653,6.68774,6.6897,1.20,1.20
2014.06.12 18:27:08.378,6.68779,6.6897,1.00,1.20
2014.06.12 18:27:11.430,6.68774,6.6897,1.39,1.20
2014.06.12 18:27:12.405,6.68774,6.6897,1.20,1.20
2014.06.12 18:27:13.400,6.68774,6.68966,1.20,1.00
2014.06.12 18:27:13.703,6.6876,6.68941,1.00,1.20
2014.06.12 18:27:23.366,6.68743,6.68941,1.39,1.20
2014.06.12 18:27:24.477,6.68743,6.68941,1.39,1.20
2014.06.12 18:27:26.465,6.68743,6.68941,1.39,1.20
2014.06.12 18:27:27.472,6.68743,6.68941,1.39,1.20
2014.06.12 18:27:29.481,6.68743,6.68941,1.39,1.20
2014.06.12 18:27:30.812,6.68743,6.68941,1.39,1.20
2014.06.12 18:27:32.170,6.68753,6.68941,1.00,1.20
2014.06.12 18:27:32.489,6.68763,6.68941,1.00,1.20
2014.06.12 18:27:33.549,6.68763,6.68943,1.00,1.20
2014.06.12 18:27:35.470,6.6876,6.68943,1.00,1.20
2014.06.12 18:27:36.599,6.68764,6.68943,1.00,1.20
2014.06.12 18:27:36.930,6.68773,6.68943,1.00,1.20
2014.06.12 18:27:37.357,6.68763,6.68943,1.00,1.20
2014.06.12 18:27:37.587,6.68774,6.68943,1.00,1.20
2014.06.12 18:27:37.880,6.6876,6.68943,1.19,1.20
2014.06.12 18:27:38.717,6.68763,6.68943,1.00,1.20
2014.06.12 18:27:39.462,6.6876,6.68943,1.19,1.20
2014.06.12 18:27:39.747,6.68773,6.68943,1.00,1.20
2014.06.12 18:27:40.103,6.68783,6.68943,1.00,1.20
2014.06.12 18:27:40.448,6.68773,6.68943,1.00,1.20
2014.06.12 18:27:40.549,6.68784,6.68943,1.00,1.20
2014.06.12 18:27:40.680,6.68784,6.68968,1.00,1.20
2014.06.12 18:27:41.645,6.68784,6.68968,1.19,1.20
2014.06.12 18:27:42.644,6.68784,6.68968,1.19,1.20
2014.06.12 18:27:44.685,6.68784,6.68968,1.19,1.20
2014.06.12 18:27:45.661,6.68784,6.68968,1.19,1.20
2014.06.12 18:27:46.666,6.68784,6.68968,1.19,1.20
2014.06.12 18:27:47.672,6.68784,6.68968,1.19,1.20
2014.06.12 18:27:49.682,6.68784,6.68968,1.19,1.20
2014.06.12 18:27:50.201,6.68803,6.68968,1.00,1.20
2014.06.12 18:27:50.746,6.68793,6.68968,1.00,1.20
2014.06.12 18:27:54.746,6.68793,6.68968,1.19,1.20
2014.06.12 18:27:57.714,6.68793,6.68968,1.19,1.20
2014.06.12 18:27:58.719,6.68793,6.68968,1.19,1.20
2014.06.12 18:27:59.749,6.68793,6.68968,1.19,1.20
2014.06.12 18:28:00.771,6.68793,6.68984,1.19,1.20
2014.06.12 18:28:01.185,6.68793,6.68984,1.00,1.20
2014.06.12 18:28:02.735,6.68793,6.68984,1.19,1.20
2014.06.12 18:28:03.738,6.68793,6.68984,1.19,1.20
2014.06.12 18:28:04.745,6.68793,6.68984,1.25,1.20
2014.06.12 18:28:05.794,6.68793,6.68984,1.19,1.20
2014.06.12 18:28:06.117,6.68803,6.68984,1.00,1.20
2014.06.12 18:28:06.856,6.68804,6.68984,1.00,1.20
2014.06.12 18:28:07.591,6.68803,6.68984,1.00,1.20
2014.06.12 18:28:08.284,6.68786,6.68984,1.39,1.20
2014.06.12 18:28:08.964,6.68793,6.68984,1.00,1.20
2014.06.12 18:28:09.379,6.68786,6.68984,1.20,1.20
2014.06.12 18:28:13.531,6.68786,6.68977,1.20,1.00
2014.06.12 18:28:13.838,6.6878,6.68959,1.00,1.20
2014.06.12 18:28:15.643,6.68763,6.68959,1.19,1.20
2014.06.12 18:28:16.614,6.68763,6.68959,1.69,1.20
2014.06.12 18:28:18.619,6.68763,6.68959,1.19,1.20
2014.06.12 18:28:20.629,6.68763,6.68959,1.19,1.20
2014.06.12 18:28:24.356,6.68761,6.68959,1.39,1.20
2014.06.12 18:28:25.351,6.68761,6.68959,1.39,1.20
2014.06.12 18:28:26.779,6.68763,6.68959,1.19,1.20
2014.06.12 18:28:28.962,6.68763,6.68959,1.19,1.20
2014.06.12 18:28:29.680,6.68761,6.68959,1.39,1.20
2014.06.12 18:28:30.672,6.68764,6.68959,1.19,1.20
2014.06.12 18:28:31.676,6.68764,6.68959,1.19,1.20
2014.06.12 18:28:32.684,6.68764,6.68959,1.19,1.20
2014.06.12 18:28:33.687,6.68764,6.68959,1.19,1.20
2014.06.12 18:28:34.485,6.68764,6.6896,1.19,1.20
2014.06.12 18:28:36.699,6.68764,6.6896,1.19,1.20
2014.06.12 18:28:37.707,6.68762,6.6896,1.20,1.20
2014.06.12 18:28:48.773,6.68762,6.6896,1.20,1.39
2014.06.12 18:28:49.814,6.68762,6.6896,1.09,1.20
2014.06.12 18:28:50.787,6.68762,6.6895,1.20,1.20
2014.06.12 18:28:51.132,6.68748,6.6893,1.19,1.20
2014.06.12 18:28:51.790,6.68748,6.6893,1.19,1.20
2014.06.12 18:28:52.796,6.68748,6.6893,1.19,1.20
2014.06.12 18:28:55.808,6.68748,6.6893,1.19,1.20
2014.06.12 18:28:56.913,6.68748,6.6893,1.19,1.20
2014.06.12 18:28:58.020,6.68748,6.6893,1.00,1.20
2014.06.12 18:28:58.173,6.68748,6.6892,1.00,1.39
2014.06.12 18:28:58.358,6.68709,6.68899,1.00,1.20
2014.06.12 18:28:59.055,6.68713,6.68899,1.00,1.20
2014.06.12 18:28:59.378,6.68718,6.68899,1.00,1.20
2014.06.12 18:28:59.757,6.68713,6.68899,1.00,1.20
2014.06.12 18:29:00.639,6.68704,6.68899,1.39,1.20
2014.06.12 18:29:00.746,6.68712,6.68899,1.00,1.20
2014.06.12 18:29:01.187,6.68704,6.68899,1.39,1.20
2014.06.12 18:29:01.249,6.68704,6.68899,1.39,1.20
2014.06.12 18:29:02.255,6.68723,6.68899,1.00,1.20
2014.06.12 18:29:05.174,6.68743,6.68926,1.19,1.20
2014.06.12 18:29:05.839,6.68728,6.68901,1.19,1.20
2014.06.12 18:29:07.191,6.68713,6.68901,1.19,1.20
2014.06.12 18:29:09.504,6.68708,6.68901,1.19,1.20
2014.06.12 18:29:11.210,6.68708,6.68901,1.19,1.20
2014.06.12 18:29:12.321,6.68715,6.68901,1.19,1.20
2014.06.12 18:29:12.574,6.68729,6.68927,1.39,1.20
2014.06.12 18:29:12.967,6.68737,6.68927,1.00,1.20
2014.06.12 18:29:13.466,6.68737,6.68927,1.19,1.20
2014.06.12 18:29:14.446,6.68734,6.68927,1.19,1.20
2014.06.12 18:29:15.437,6.68734,6.68927,1.19,1.20
2014.06.12 18:29:16.443,6.68743,6.68927,1.19,1.20
2014.06.12 18:29:16.769,6.68783,6.68927,1.00,1.20
2014.06.12 18:29:17.012,6.68753,6.68927,1.19,1.20
2014.06.12 18:29:17.449,6.68753,6.68927,1.19,1.20
2014.06.12 18:29:18.454,6.68753,6.68927,1.19,1.20
2014.06.12 18:29:19.664,6.68753,6.68927,1.00,1.20
2014.06.12 18:29:20.345,6.6874,6.68927,1.19,1.20
2014.06.12 18:29:20.772,6.6874,6.68927,1.19,1.20
2014.06.12 18:29:22.285,6.68775,6.68957,1.19,1.00
2014.06.12 18:29:22.386,6.68763,6.68957,1.20,1.19
2014.06.12 18:29:22.648,6.68758,6.68936,1.00,1.20
2014.06.12 18:29:23.489,6.68758,6.68936,1.19,1.20
2014.06.12 18:29:23.619,6.68763,6.6896,1.39,1.20
2014.06.12 18:29:23.825,6.68793,6.6896,1.00,1.20
2014.06.12 18:29:24.179,6.68805,6.69003,1.20,1.39
2014.06.12 18:29:24.280,6.68785,6.6897,1.19,1.20
2014.06.12 18:29:25.096,6.68773,6.6897,2.59,1.20
2014.06.12 18:29:26.103,6.68773,6.6897,1.84,1.20
2014.06.12 18:29:27.108,6.68773,6.6897,1.84,1.20
2014.06.12 18:29:29.117,6.68773,6.6897,1.84,1.20
2014.06.12 18:29:30.123,6.68773,6.6897,1.84,1.20
2014.06.12 18:29:31.127,6.68773,6.6897,1.84,1.20
2014.06.12 18:29:32.132,6.68776,6.6897,1.19,1.20
2014.06.12 18:29:32.522,6.68776,6.68945,1.19,1.20
2014.06.12 18:29:33.943,6.68747,6.68945,1.39,1.20
2014.06.12 18:29:36.185,6.68763,6.68945,1.19,1.20
2014.06.12 18:29:38.164,6.68763,6.68945,1.19,1.20
2014.06.12 18:29:39.170,6.68753,6.68945,1.19,1.20
2014.06.12 18:29:43.190,6.68753,6.68945,1.19,1.20
2014.06.12 18:29:44.195,6.68753,6.68945,1.69,1.20
2014.06.12 18:29:45.202,6.68753,6.68945,1.19,1.20
2014.06.12 18:29:46.208,6.68754,6.68945,1.19,1.20
2014.06.12 18:29:47.214,6.68755,6.68945,1.19,1.20
2014.06.12 18:29:51.278,6.68763,6.68945,1.19,1.20
2014.06.12 18:29:53.184,6.68756,6.6894,1.19,1.20
2014.06.12 18:29:54.227,6.68755,6.6894,1.19,1.20
2014.06.12 18:29:54.395,6.68743,6.6894,1.19,1.20
2014.06.12 18:29:56.366,6.68753,6.6894,1.19,1.20
2014.06.12 18:29:57.574,6.68742,6.6894,1.65,1.20
2014.06.12 18:29:57.864,6.68753,6.6894,1.00,1.20
2014.06.12 18:29:59.074,6.68742,6.6894,1.84,1.20
2014.06.12 18:29:59.859,6.68763,6.6894,1.00,1.20
2014.06.12 18:29:59.960,6.68768,6.68965,1.20,1.39
2014.06.12 18:30:00.937,6.68768,6.68965,1.20,1.39
2014.06.12 18:30:01.898,6.68768,6.68965,1.20,1.39
2014.06.12 18:30:02.905,6.68768,6.68965,1.20,1.39
2014.06.12 18:30:03.910,6.68768,6.68965,1.20,1.39
2014.06.12 18:30:06.927,6.68743,6.68941,1.20,1.20
2014.06.12 18:30:09.146,6.68743,6.68941,1.84,1.20
2014.06.12 18:30:10.955,6.68743,6.68941,1.39,1.20
2014.06.12 18:30:11.960,6.68743,6.68941,1.39,1.20
2014.06.12 18:30:12.969,6.68743,6.68941,1.39,1.20
2014.06.12 18:30:14.012,6.68743,6.68941,1.84,1.20
2014.06.12 18:30:14.978,6.68743,6.68941,1.84,1.20
2014.06.12 18:30:17.994,6.68743,6.68941,1.39,1.20
2014.06.12 18:30:18.999,6.68743,6.68941,1.39,1.20
2014.06.12 18:30:20.004,6.68743,6.68941,1.39,1.20
2014.06.12 18:30:21.009,6.68743,6.68941,1.39,1.20
2014.06.12 18:30:22.978,6.68743,6.68941,1.39,1.20
2014.06.12 18:30:23.983,6.68743,6.68941,1.20,1.39
2014.06.12 18:30:24.986,6.68743,6.68941,1.09,1.20
2014.06.12 18:30:25.228,6.68733,6.68927,1.19,1.20
2014.06.12 18:30:25.993,6.68733,6.68927,1.19,1.20
2014.06.12 18:30:26.999,6.68733,6.68927,1.19,1.20
2014.06.12 18:30:31.014,6.68733,6.68927,1.19,1.20
2014.06.12 18:30:32.724,6.68733,6.68927,1.19,1.20
2014.06.12 18:30:33.728,6.68733,6.68927,1.19,1.20
2014.06.12 18:30:34.779,6.68733,6.68927,1.19,1.20
2014.06.12 18:30:36.740,6.68733,6.68927,1.19,1.20
2014.06.12 18:30:37.839,6.68733,6.68927,1.19,1.20
2014.06.12 18:30:38.745,6.68733,6.68927,1.19,1.20
2014.06.12 18:30:39.778,6.68733,6.68927,1.19,1.20
2014.06.12 18:30:41.763,6.68733,6.68927,1.19,1.20
2014.06.12 18:30:42.760,6.68733,6.68927,1.19,1.20
2014.06.12 18:30:43.766,6.68733,6.68927,1.19,1.20
2014.06.12 18:30:45.440,6.68733,6.68925,1.19,1.20
2014.06.12 18:30:46.779,6.68733,6.68925,1.19,1.20
2014.06.12 18:30:47.793,6.68733,6.68925,1.19,1.20
2014.06.12 18:30:48.789,6.68733,6.68925,1.19,1.20
2014.06.12 18:30:49.794,6.68733,6.68925,1.19,1.20
2014.06.12 18:30:50.899,6.68728,6.68925,1.39,1.20
2014.06.12 18:30:51.906,6.68728,6.68925,1.39,1.20
2014.06.12 18:30:52.909,6.68728,6.68925,1.09,1.20
2014.06.12 18:30:54.920,6.68728,6.68925,1.39,1.20
2014.06.12 18:30:55.924,6.68728,6.68925,1.39,1.20
2014.06.12 18:30:56.965,6.68728,6.68925,1.39,1.20
2014.06.12 18:30:57.933,6.68728,6.68925,1.39,1.20
2014.06.12 18:30:58.936,6.68728,6.68925,1.39,1.20
2014.06.12 18:31:00.945,6.68728,6.68925,1.39,1.20
2014.06.12 18:31:01.950,6.68728,6.68925,1.39,1.20
2014.06.12 18:31:02.954,6.68728,6.68925,1.39,1.20
2014.06.12 18:31:03.958,6.68728,6.68925,1.39,1.20
2014.06.12 18:31:05.885,6.68723,6.68912,1.19,1.20
2014.06.12 18:31:06.971,6.68723,6.68912,1.19,1.20
2014.06.12 18:31:08.280,6.68723,6.68912,1.19,1.20
2014.06.12 18:31:09.990,6.68723,6.68912,1.19,1.20
2014.06.12 18:31:10.998,6.68723,6.68912,1.19,1.20
2014.06.12 18:31:12.562,6.68723,6.68886,1.19,1.20
2014.06.12 18:31:12.764,6.68688,6.68886,1.39,1.20
2014.06.12 18:31:13.027,6.68693,6.68859,1.00,1.20
2014.06.12 18:31:21.455,6.68713,6.68859,1.00,1.20
2014.06.12 18:31:21.559,6.68703,6.68859,1.00,1.20
2014.06.12 18:31:22.236,6.68723,6.68859,1.00,1.20
2014.06.12 18:31:22.578,6.68713,6.68859,1.00,1.20
2014.06.12 18:31:22.894,6.68694,6.68859,1.00,1.20
2014.06.12 18:31:23.317,6.68694,6.68859,1.19,1.20
2014.06.12 18:31:23.418,6.68713,6.6888,1.00,1.20
2014.06.12 18:31:23.671,6.68703,6.6889,1.19,1.20
2014.06.12 18:31:24.510,6.68703,6.6889,1.19,1.20
2014.06.12 18:31:25.500,6.68703,6.6889,1.00,1.20
2014.06.12 18:31:25.661,6.68692,6.6889,1.39,1.20
2014.06.12 18:31:26.544,6.68692,6.6889,1.39,1.20
2014.06.12 18:31:27.518,6.68692,6.6889,1.39,1.20
2014.06.12 18:31:28.524,6.68692,6.6889,1.20,1.20
2014.06.12 18:31:28.945,6.68703,6.6889,1.00,1.20
2014.06.12 18:31:35.354,6.68713,6.6889,1.00,1.20
2014.06.12 18:31:40.583,6.68713,6.6889,1.19,1.20
2014.06.12 18:31:43.575,6.68713,6.68886,1.19,1.20
2014.06.12 18:31:44.464,6.68713,6.68886,1.00,1.20
2014.06.12 18:31:45.371,6.68689,6.68886,1.19,1.20
2014.06.12 18:31:45.914,6.68689,6.6888,1.19,1.20
2014.06.12 18:31:46.455,6.68689,6.6886,1.19,1.20
2014.06.12 18:31:46.512,6.68673,6.6886,1.19,1.20
2014.06.12 18:31:47.514,6.68673,6.6886,1.19,1.20
2014.06.12 18:31:48.520,6.68673,6.6886,1.25,1.20
2014.06.12 18:31:49.528,6.68673,6.6886,1.19,1.20
2014.06.12 18:31:49.859,6.68683,6.6886,1.00,1.20
2014.06.12 18:31:52.261,6.68683,6.6886,1.19,1.20
2014.06.12 18:31:53.264,6.68663,6.6886,1.19,1.20
2014.06.12 18:31:54.322,6.68683,6.6886,1.00,1.20
2014.06.12 18:31:54.824,6.68673,6.6886,1.19,1.20
2014.06.12 18:31:54.926,6.68683,6.6886,1.00,1.20
2014.06.12 18:31:55.273,6.68683,6.6886,1.19,1.20
2014.06.12 18:31:56.279,6.68683,6.6886,1.25,1.20
2014.06.12 18:32:00.200,6.68673,6.6886,1.19,1.20
2014.06.12 18:32:01.306,6.68673,6.6886,1.19,1.20
2014.06.12 18:32:04.143,6.68683,6.6886,1.00,1.20
2014.06.12 18:32:05.348,6.68683,6.68845,1.00,1.20
2014.06.12 18:32:05.504,6.68673,6.68845,1.19,1.20
2014.06.12 18:32:05.605,6.68683,6.68845,1.00,1.20
2014.06.12 18:32:10.004,6.68693,6.68845,1.00,1.20
2014.06.12 18:32:10.410,6.68704,6.68845,1.00,1.20
2014.06.12 18:32:10.567,6.68683,6.68845,1.00,1.20
2014.06.12 18:32:11.418,6.68663,6.68845,1.19,1.20
2014.06.12 18:32:11.468,6.68663,6.68839,1.19,1.20
2014.06.12 18:32:11.570,6.68633,6.68819,1.00,1.20
2014.06.12 18:32:11.621,6.68653,6.68819,1.00,1.20
2014.06.12 18:32:11.968,6.68633,6.68819,1.00,1.20
2014.06.12 18:32:12.019,6.68633,6.68811,1.00,1.20
2014.06.12 18:32:12.472,6.68633,6.68791,1.00,1.20
2014.06.12 18:32:13.546,6.68633,6.68785,1.00,1.20
2014.06.12 18:32:13.648,6.68595,6.68765,1.00,1.20
2014.06.12 18:32:13.699,6.68593,6.68765,1.00,1.20
2014.06.12 18:32:13.750,6.68564,6.68733,1.19,1.20
2014.06.12 18:32:14.053,6.68593,6.68733,1.00,1.20
2014.06.12 18:32:14.401,6.68643,6.68733,1.00,1.20
2014.06.12 18:32:14.607,6.68623,6.68733,1.00,1.20
2014.06.12 18:32:15.014,6.68623,6.68766,1.00,1.20
2014.06.12 18:32:15.066,6.68623,6.68761,1.00,1.20
2014.06.12 18:32:15.370,6.68613,6.68741,1.00,1.20
2014.06.12 18:32:15.577,6.68603,6.68741,1.00,1.20
2014.06.12 18:32:16.278,6.68613,6.68741,1.00,1.20
2014.06.12 18:32:16.614,6.68604,6.68741,1.00,1.20
2014.06.12 18:32:16.822,6.68613,6.68741,1.00,1.20
2014.06.12 18:32:17.069,6.68613,6.68761,1.00,1.20
2014.06.12 18:32:17.170,6.68633,6.68766,1.00,1.20
2014.06.12 18:32:17.603,6.68623,6.68766,1.00,1.20
2014.06.12 18:32:17.719,6.68623,6.68786,1.00,1.20
2014.06.12 18:32:17.779,6.68623,6.68794,1.00,1.20
2014.06.12 18:32:17.830,6.68634,6.68794,1.00,1.20
2014.06.12 18:32:18.256,6.68623,6.68794,1.00,1.20
2014.06.12 18:32:18.408,6.68623,6.68763,1.00,1.20
2014.06.12 18:32:18.510,6.68593,6.68763,1.25,1.20
2014.06.12 18:32:18.804,6.68603,6.68763,1.00,1.20
2014.06.12 18:32:19.133,6.68593,6.68763,1.25,1.20
2014.06.12 18:32:21.114,6.68583,6.68763,1.19,1.20
2014.06.12 18:32:21.333,6.68623,6.68763,1.00,1.20
2014.06.12 18:32:21.536,6.68623,6.68788,1.19,1.20
2014.06.12 18:32:21.638,6.68633,6.68813,1.19,1.20
2014.06.12 18:32:21.689,6.68633,6.68813,1.00,1.20
2014.06.12 18:32:22.207,6.68634,6.68813,1.00,1.20
2014.06.12 18:32:22.258,6.68643,6.68813,1.00,1.20
2014.06.12 18:32:22.969,6.68643,6.68837,1.00,1.20
2014.06.12 18:32:23.096,6.68653,6.68837,1.00,1.20
2014.06.12 18:32:23.413,6.68663,6.68837,1.00,1.20
2014.06.12 18:32:24.082,6.68653,6.68837,1.00,1.20
2014.06.12 18:32:24.633,6.68664,6.68837,1.00,1.20
2014.06.12 18:32:25.072,6.68674,6.68837,1.00,1.20
2014.06.12 18:32:25.623,6.68673,6.68837,1.00,1.20
2014.06.12 18:32:25.926,6.68683,6.68837,1.00,1.20
2014.06.12 18:32:26.653,6.68673,6.68837,1.00,1.20
2014.06.12 18:32:26.832,6.68683,6.68837,1.00,1.20
2014.06.12 18:32:28.532,6.68673,6.68837,1.00,1.20
2014.06.12 18:32:28.598,6.68683,6.68837,1.00,1.20
2014.06.12 18:32:28.902,6.68693,6.68837,1.00,1.20
2014.06.12 18:32:28.953,6.68673,6.68837,1.00,1.20
2014.06.12 18:32:29.397,6.68704,6.68837,1.00,1.20
2014.06.12 18:32:29.499,6.68693,6.68837,1.00,1.20
2014.06.12 18:32:29.601,6.68693,6.68857,1.00,1.20
2014.06.12 18:32:29.652,6.68693,6.68863,1.00,1.20
2014.06.12 18:32:29.804,6.68693,6.68883,1.00,1.20
2014.06.12 18:32:29.855,6.68693,6.68887,1.00,1.20
2014.06.12 18:32:30.747,6.68703,6.68887,1.00,1.20
2014.06.12 18:32:31.267,6.68713,6.68887,1.00,1.20
2014.06.12 18:32:31.812,6.68723,6.68887,1.00,1.20
2014.06.12 18:32:32.379,6.68693,6.68887,1.00,1.20
2014.06.12 18:32:32.530,6.68693,6.68875,1.00,1.00
2014.06.12 18:32:32.834,6.68648,6.68821,1.00,1.20
2014.06.12 18:32:32.885,6.6863,6.68821,1.00,1.20
2014.06.12 18:32:32.986,6.68623,6.68821,1.20,1.20
2014.06.12 18:32:33.087,6.68616,6.68795,1.00,1.20
2014.06.12 18:32:33.391,6.68603,6.6877,1.00,1.20
2014.06.12 18:32:33.799,6.68594,6.6877,1.00,1.20
2014.06.12 18:32:34.149,6.68603,6.6877,1.00,1.20
2014.06.12 18:32:34.452,6.68603,6.6876,1.00,1.00
2014.06.12 18:32:35.117,6.68613,6.6876,1.00,1.00
2014.06.12 18:32:35.269,6.68613,6.68795,1.00,1.20
2014.06.12 18:32:35.523,6.68623,6.68794,1.20,1.00
2014.06.12 18:32:35.573,6.68623,6.6882,1.65,1.20
2014.06.12 18:32:41.403,6.68623,6.68781,1.65,1.00
2014.06.12 18:32:41.554,6.68623,6.68811,1.65,1.00
2014.06.12 18:32:41.837,6.68623,6.6882,1.65,1.20
2014.06.12 18:32:41.989,6.68623,6.68815,1.65,1.00
2014.06.12 18:32:44.632,6.68623,6.68792,1.65,1.00
2014.06.12 18:32:44.935,6.68623,6.68706,1.20,1.00
2014.06.12 18:32:45.239,6.68623,6.68695,1.20,1.20
2014.06.12 18:32:45.390,6.68577,6.68706,1.20,1.00
2014.06.12 18:32:45.492,6.68511,6.68698,1.00,1.20
2014.06.12 18:32:45.593,6.68511,6.68686,1.00,1.00
2014.06.12 18:32:45.643,6.68499,6.68686,1.00,1.00
2014.06.12 18:32:46.107,6.68493,6.68686,1.00,1.00
2014.06.12 18:32:48.065,6.68492,6.68706,1.20,1.00
2014.06.12 18:32:49.134,6.68505,6.68706,1.00,1.00
2014.06.12 18:32:49.771,6.68505,6.68661,1.00,1.20
2014.06.12 18:32:49.872,6.68505,6.68681,1.00,1.20
2014.06.12 18:32:49.973,6.68494,6.68686,1.20,1.00
2014.06.12 18:32:50.544,6.68495,6.68686,1.00,1.00
2014.06.12 18:32:50.646,6.68503,6.6869,1.00,1.20
2014.06.12 18:32:50.696,6.68512,6.68704,1.20,1.00
2014.06.12 18:32:50.747,6.68523,6.68704,1.00,1.00
2014.06.12 18:32:51.000,6.68533,6.68717,1.00,1.20
2014.06.12 18:32:51.052,6.68543,6.68717,1.00,1.20
2014.06.12 18:32:51.479,6.68569,6.68742,1.20,1.19
2014.06.12 18:32:51.530,6.68569,6.68763,1.20,1.00
2014.06.12 18:32:51.631,6.68593,6.68763,1.00,1.00
2014.06.12 18:32:51.937,6.68622,6.68788,1.20,1.19
2014.06.12 18:32:52.038,6.68633,6.68793,1.00,1.00
2014.06.12 18:32:52.091,6.68633,6.68816,1.00,1.19
2014.06.12 18:32:52.142,6.68652,6.68816,1.20,1.19
2014.06.12 18:32:53.219,6.68652,6.68816,1.20,1.00
2014.06.12 18:32:53.398,6.68652,6.68812,1.20,1.19
2014.06.12 18:32:53.550,6.68628,6.68812,1.00,1.19
2014.06.12 18:32:53.732,6.68623,6.68812,1.20,1.19
2014.06.12 18:32:54.520,6.68623,6.6881,1.20,1.19
2014.06.12 18:32:55.342,6.68623,6.6881,1.39,1.00
2014.06.12 18:32:55.393,6.68627,6.6881,1.00,1.00
2014.06.12 18:32:56.416,6.68628,6.6881,1.00,1.00
2014.06.12 18:32:56.765,6.68632,6.6881,1.00,1.00
2014.06.12 18:32:57.236,6.68632,6.68828,1.00,1.25
2014.06.12 18:32:59.674,6.68627,6.68828,1.00,1.00
2014.06.12 18:32:59.725,6.68627,6.68811,1.00,1.20
2014.06.12 18:33:00.113,6.68614,6.68811,1.20,1.39
2014.06.12 18:33:00.866,6.68614,6.6881,1.20,1.19
2014.06.12 18:33:01.376,6.68623,6.6881,1.00,1.19
2014.06.12 18:33:01.885,6.68623,6.6881,1.00,1.00
2014.06.12 18:33:01.987,6.68614,6.6881,1.20,1.00
2014.06.12 18:33:02.240,6.68623,6.6881,1.00,1.00
2014.06.12 18:33:02.423,6.68614,6.6881,1.20,1.00
2014.06.12 18:33:02.677,6.68623,6.6881,1.00,1.00
2014.06.12 18:33:03.240,6.68623,6.68811,1.00,1.20
2014.06.12 18:33:03.577,6.68628,6.68811,1.00,1.20
2014.06.12 18:33:03.743,6.68623,6.68811,1.50,1.20
2014.06.12 18:33:05.775,6.68628,6.68811,1.00,1.20
2014.06.12 18:33:10.872,6.68633,6.68811,1.00,1.20
2014.06.12 18:33:11.382,6.68632,6.68811,1.00,1.20
2014.06.12 18:33:12.069,6.68638,6.68829,1.20,1.19
2014.06.12 18:33:13.127,6.68638,6.68829,1.20,1.19
2014.06.12 18:33:14.133,6.68638,6.68829,1.20,1.69
2014.06.12 18:33:15.138,6.68638,6.68825,1.20,1.19
2014.06.12 18:33:16.144,6.68638,6.68824,1.20,1.19
2014.06.12 18:33:17.064,6.68638,6.68829,1.20,1.00
2014.06.12 18:33:17.165,6.68638,6.68836,1.20,1.20
2014.06.12 18:33:17.216,6.68662,6.68836,1.00,1.20
2014.06.12 18:33:17.317,6.68663,6.68849,1.20,1.00
2014.06.12 18:33:17.578,6.68663,6.68849,1.65,1.19
2014.06.12 18:33:17.730,6.68653,6.68829,1.00,1.20
2014.06.12 18:33:17.967,6.68633,6.68829,1.00,1.20
2014.06.12 18:33:18.333,6.68643,6.68829,1.00,1.20
2014.06.12 18:33:18.733,6.68662,6.68829,1.00,1.20
2014.06.12 18:33:19.695,6.68662,6.68849,1.00,1.00
2014.06.12 18:33:20.334,6.68656,6.68849,1.20,1.00
2014.06.12 18:33:21.932,6.68656,6.68849,1.20,1.19
2014.06.12 18:33:22.100,6.68642,6.68827,1.00,1.20
2014.06.12 18:33:22.201,6.6863,6.68827,1.20,1.20
2014.06.12 18:33:22.394,6.68644,6.68827,1.00,1.20
2014.06.12 18:33:22.698,6.68658,6.68852,1.20,1.19
2014.06.12 18:33:24.622,6.68668,6.68855,1.00,1.39
2014.06.12 18:33:24.724,6.68658,6.68855,1.20,1.39
2014.06.12 18:33:24.942,6.68642,6.68831,1.00,1.20
2014.06.12 18:33:25.043,6.68633,6.68831,1.65,1.20
2014.06.12 18:33:25.469,6.68643,6.68831,1.00,1.20
2014.06.12 18:33:25.773,6.68662,6.68831,1.00,1.20
2014.06.12 18:33:25.824,6.68662,6.68851,1.00,1.20
2014.06.12 18:33:25.875,6.68662,6.68857,1.00,1.20
2014.06.12 18:33:25.926,6.68659,6.68857,1.20,1.20
2014.06.12 18:33:27.306,6.68659,6.68848,1.65,1.00
2014.06.12 18:33:32.265,6.68659,6.68848,1.20,1.19
2014.06.12 18:33:34.886,6.68659,6.68848,1.20,1.00
2014.06.12 18:33:36.506,6.68659,6.68823,1.20,1.00
2014.06.12 18:33:37.381,6.68634,6.68823,1.20,1.00
2014.06.12 18:33:38.446,6.68634,6.68823,1.20,1.19
2014.06.12 18:33:38.669,6.68623,6.68807,1.00,1.20
2014.06.12 18:33:38.820,6.68623,6.68797,1.00,1.00
2014.06.12 18:33:38.871,6.68609,6.68797,1.39,1.00
2014.06.12 18:33:38.942,6.68623,6.68797,1.00,1.00
2014.06.12 18:33:39.421,6.68613,6.68797,1.19,1.00
2014.06.12 18:33:39.614,6.68613,6.68797,1.19,1.00
2014.06.12 18:33:40.621,6.68609,6.68797,1.20,1.00
2014.06.12 18:33:41.147,6.68609,6.68767,1.20,1.00
2014.06.12 18:33:41.198,6.68592,6.68767,1.00,1.00
2014.06.12 18:33:41.349,6.68592,6.68759,1.00,1.19
2014.06.12 18:33:41.400,6.68577,6.68759,1.20,1.19
2014.06.12 18:33:41.451,6.68547,6.68724,1.20,1.19
2014.06.12 18:33:41.552,6.68503,6.68698,1.00,1.20
2014.06.12 18:33:41.603,6.68504,6.68689,1.00,1.00
2014.06.12 18:33:42.325,6.68503,6.68689,1.00,1.00
2014.06.12 18:33:42.642,6.68527,6.68689,1.00,1.00
2014.06.12 18:33:42.693,6.68525,6.68689,1.00,1.00
2014.06.12 18:33:42.895,6.685,6.68689,1.20,1.00
2014.06.12 18:33:43.910,6.685,6.68666,1.20,1.00
2014.06.12 18:33:44.198,6.6848,6.68666,1.20,1.00
2014.06.12 18:33:44.249,6.68474,6.68666,1.20,1.00
2014.06.12 18:33:48.437,6.68474,6.68664,1.20,1.00
2014.06.12 18:33:48.488,6.68448,6.68646,1.20,1.20
2014.06.12 18:33:48.538,6.68448,6.68642,1.20,1.00
2014.06.12 18:33:50.083,6.68448,6.68623,1.20,1.00
2014.06.12 18:33:50.702,6.68422,6.6862,1.20,1.20
2014.06.12 18:33:51.087,6.68422,6.68587,1.20,1.00
2014.06.12 18:33:51.340,6.68364,6.68554,1.00,1.19
2014.06.12 18:33:51.441,6.68364,6.68557,1.00,1.09
2014.06.12 18:33:51.620,6.68361,6.68547,1.20,1.00
2014.06.12 18:33:56.073,6.68385,6.68545,1.20,1.00
2014.06.12 18:33:57.486,6.68365,6.68545,1.20,1.00
2014.06.12 18:33:57.537,6.68362,6.68545,1.20,1.00
2014.06.12 18:34:04.510,6.68333,6.68518,1.20,1.00
2014.06.12 18:34:06.317,6.68303,6.68499,1.00,1.20
2014.06.12 18:34:06.368,6.68301,6.6849,1.20,1.00
2014.06.12 18:34:06.519,6.68273,6.6847,1.20,1.20
2014.06.12 18:34:06.671,6.68273,6.68468,1.20,1.00
2014.06.12 18:34:06.772,6.68273,6.6847,1.20,1.20
2014.06.12 18:34:07.490,6.68278,6.6847,1.20,1.20
2014.06.12 18:34:07.541,6.68298,6.68496,1.20,1.20
2014.06.12 18:34:08.168,6.68298,6.68478,1.20,1.00
2014.06.12 18:34:08.370,6.68298,6.68488,1.20,1.00
2014.06.12 18:34:08.522,6.68298,6.68485,1.20,1.00
2014.06.12 18:34:08.725,6.68298,6.68489,1.20,1.00
2014.06.12 18:34:08.877,6.68273,6.68471,1.20,1.20
2014.06.12 18:34:12.676,6.68273,6.68458,1.20,1.00
2014.06.12 18:34:12.838,6.68247,6.68445,1.20,1.20
2014.06.12 18:34:12.889,6.68247,6.68438,1.20,1.00
2014.06.12 18:34:13.042,6.68216,6.68414,1.20,1.20
2014.06.12 18:34:13.215,6.68223,6.68414,1.00,1.20
2014.06.12 18:34:13.324,6.68216,6.68414,1.20,1.20
2014.06.12 18:34:13.374,6.68203,6.68389,1.00,1.20
2014.06.12 18:34:13.677,6.68243,6.68389,1.00,1.20
2014.06.12 18:34:14.312,6.68191,6.68389,1.20,1.20
2014.06.12 18:34:16.639,6.68193,6.68389,1.00,1.20
2014.06.12 18:34:18.161,6.68191,6.68389,1.20,1.20
2014.06.12 18:34:18.821,6.68191,6.68372,1.20,1.00
2014.06.12 18:34:19.131,6.68163,6.68349,1.00,1.20
2014.06.12 18:34:19.325,6.68183,6.68349,1.00,1.20
2014.06.12 18:34:19.674,6.68203,6.68349,1.00,1.20
2014.06.12 18:34:20.012,6.68213,6.68349,1.00,1.20
2014.06.12 18:34:20.312,6.68173,6.68349,1.00,1.20
2014.06.12 18:34:20.578,6.68176,6.68373,1.20,1.20
2014.06.12 18:34:20.927,6.68176,6.68371,1.20,1.00
2014.06.12 18:34:21.372,6.68173,6.68348,1.00,1.20
2014.06.12 18:34:22.155,6.68164,6.68348,1.00,1.20
2014.06.12 18:34:22.308,6.68184,6.68348,1.00,1.20
2014.06.12 18:34:22.411,6.68193,6.68374,1.00,1.20
2014.06.12 18:34:22.855,6.68176,6.68374,1.20,1.20
2014.06.12 18:34:26.845,6.68183,6.68374,1.00,1.20
2014.06.12 18:34:27.513,6.68176,6.68374,1.20,1.20
2014.06.12 18:34:28.901,6.68183,6.68374,1.00,1.20
2014.06.12 18:34:29.240,6.68203,6.68374,1.00,1.20
2014.06.12 18:34:29.310,6.6818,6.68374,1.00,1.20
2014.06.12 18:34:29.574,6.68184,6.68374,1.20,1.20
2014.06.12 18:34:29.625,6.68204,6.684,1.20,1.20
2014.06.12 18:34:32.429,6.68213,6.684,1.00,1.20
2014.06.12 18:34:32.647,6.68204,6.684,1.20,1.20
2014.06.12 18:34:32.757,6.68194,6.68376,1.00,1.20
2014.06.12 18:34:32.858,6.68179,6.68376,1.20,1.20
2014.06.12 18:34:34.406,6.68206,6.68376,1.00,1.20
2014.06.12 18:34:34.709,6.68209,6.68396,1.00,1.20
2014.06.12 18:34:34.810,6.68216,6.68402,1.00,1.20
2014.06.12 18:34:35.175,6.68204,6.68402,1.20,1.20
2014.06.12 18:34:35.838,6.68213,6.68402,1.00,1.20
2014.06.12 18:34:36.350,6.68214,6.68402,1.00,1.20
2014.06.12 18:34:36.824,6.68224,6.68402,1.00,1.20
2014.06.12 18:34:37.581,6.68213,6.68402,1.00,1.20
2014.06.12 18:34:37.825,6.68225,6.68402,1.00,1.20
2014.06.12 18:34:38.123,6.68215,6.68402,1.00,1.20
2014.06.12 18:34:38.320,6.68219,6.68402,1.00,1.20
2014.06.12 18:34:38.661,6.68221,6.68402,1.00,1.20
2014.06.12 18:34:38.712,6.68229,6.68427,1.20,1.20
2014.06.12 18:34:39.786,6.68233,6.68427,1.00,1.20
2014.06.12 18:34:40.101,6.6824,6.68427,1.00,1.20
2014.06.12 18:34:40.408,6.68244,6.68427,1.00,1.20
2014.06.12 18:34:40.712,6.68256,6.68454,1.20,1.20
2014.06.12 18:34:41.935,6.6823,6.68421,1.00,1.20
2014.06.12 18:34:42.087,6.68223,6.68421,1.20,1.20
2014.06.12 18:34:45.405,6.68227,6.68421,1.00,1.20
2014.06.12 18:34:46.066,6.6823,6.68421,1.00,1.20
2014.06.12 18:34:46.835,6.68223,6.68421,1.20,1.20
2014.06.12 18:34:50.905,6.68225,6.68421,1.00,1.20
2014.06.12 18:34:51.301,6.68223,6.68421,1.20,1.20
2014.06.12 18:34:53.623,6.68248,6.68441,1.20,1.20
2014.06.12 18:34:53.725,6.68248,6.68446,1.20,1.20
2014.06.12 18:34:53.826,6.68228,6.68409,1.20,1.20
2014.06.12 18:34:53.891,6.68213,6.68409,1.00,1.20
2014.06.12 18:34:54.279,6.68211,6.68409,1.20,1.20
2014.06.12 18:34:54.417,6.68233,6.68409,1.00,1.20
2014.06.12 18:34:54.640,6.6823,6.68409,1.00,1.20
2014.06.12 18:34:54.799,6.6822,6.68409,1.00,1.20
2014.06.12 18:34:54.850,6.68222,6.68409,1.00,1.20
2014.06.12 18:34:54.951,6.68239,6.68437,1.20,1.20
2014.06.12 18:34:56.911,6.68219,6.6841,1.20,1.20
2014.06.12 18:34:56.961,6.68213,6.6841,1.65,1.20
2014.06.12 18:34:59.645,6.68215,6.6841,1.00,1.20
2014.06.12 18:35:00.050,6.68222,6.6841,1.00,1.20
2014.06.12 18:35:00.307,6.6824,6.6843,1.20,1.20
2014.06.12 18:35:00.358,6.6824,6.68438,1.20,1.20
2014.06.12 18:35:02.446,6.6822,6.68401,1.20,1.20
2014.06.12 18:35:02.549,6.68204,6.68401,1.20,1.20
2014.06.12 18:35:02.895,6.68213,6.68401,1.00,1.20
2014.06.12 18:35:03.290,6.68204,6.68401,1.20,1.20
2014.06.12 18:35:03.639,6.68203,6.68376,1.00,1.20
2014.06.12 18:35:03.942,6.68183,6.68346,1.00,1.20
2014.06.12 18:35:04.300,6.68203,6.68346,1.00,1.20
2014.06.12 18:35:04.830,6.68183,6.68346,1.00,1.20
2014.06.12 18:35:05.077,6.68149,6.68346,1.39,1.20
2014.06.12 18:35:05.128,6.68149,6.68343,1.39,1.00
2014.06.12 18:35:05.179,6.68149,6.68343,1.20,1.00
2014.06.12 18:35:05.280,6.68143,6.68319,1.00,1.20
2014.06.12 18:35:05.583,6.68154,6.68319,1.00,1.20
2014.06.12 18:35:05.821,6.68153,6.68345,1.00,1.20
2014.06.12 18:35:05.871,6.68163,6.68345,1.00,1.20
2014.06.12 18:35:06.591,6.68154,6.68345,1.00,1.20
2014.06.12 18:35:06.932,6.68147,6.68345,1.20,1.20
2014.06.12 18:35:07.361,6.68163,6.68345,1.00,1.20
2014.06.12 18:35:07.580,6.68153,6.68345,1.00,1.20
2014.06.12 18:35:08.131,6.68174,6.68345,1.00,1.20
2014.06.12 18:35:08.350,6.68163,6.68345,1.00,1.20
2014.06.12 18:35:09.136,6.68148,6.68345,1.00,1.20
2014.06.12 18:35:10.075,6.68147,6.68345,1.20,1.20
2014.06.12 18:35:13.645,6.68153,6.68345,1.00,1.20
2014.06.12 18:35:13.856,6.68147,6.68345,1.20,1.20
2014.06.12 18:35:14.734,6.68153,6.68345,1.00,1.20
2014.06.12 18:35:15.121,6.68163,6.68345,1.00,1.20
2014.06.12 18:35:15.626,6.68154,6.68345,1.00,1.20
2014.06.12 18:35:16.051,6.68163,6.68345,1.00,1.20
2014.06.12 18:35:17.386,6.68173,6.68345,1.00,1.20
2014.06.12 18:35:17.809,6.68155,6.68345,1.00,1.20
2014.06.12 18:35:18.330,6.68159,6.68345,1.00,1.20
2014.06.12 18:35:18.644,6.68163,6.68345,1.00,1.20
2014.06.12 18:35:18.695,6.68174,6.68365,1.20,1.20
2014.06.12 18:35:18.773,6.68174,6.68372,1.20,1.20
2014.06.12 18:35:20.022,6.68154,6.68339,1.20,1.20
2014.06.12 18:35:20.073,6.68143,6.68339,1.00,1.20
2014.06.12 18:35:20.174,6.68141,6.68339,1.20,1.20
2014.06.12 18:35:20.343,6.68153,6.68339,1.00,1.20
2014.06.12 18:35:21.280,6.68161,6.68339,1.00,1.20
2014.06.12 18:35:21.954,6.68166,6.68359,1.20,1.20
2014.06.12 18:35:22.091,6.68166,6.68364,1.20,1.20
2014.06.12 18:35:22.243,6.68173,6.68364,1.00,1.20
2014.06.12 18:35:22.547,6.68193,6.6839,1.20,1.20
2014.06.12 18:35:22.598,6.682,6.6839,1.20,1.20
2014.06.12 18:35:22.649,6.6822,6.68418,1.20,1.20
2014.06.12 18:35:25.193,6.6822,6.68412,1.20,1.20
2014.06.12 18:35:25.244,6.68195,6.68391,1.20,1.20
2014.06.12 18:35:33.142,6.68197,6.68391,1.00,1.20
2014.06.12 18:35:33.519,6.682,6.68391,1.00,1.20
2014.06.12 18:35:34.101,6.68195,6.68391,1.20,1.20
2014.06.12 18:35:35.945,6.68163,6.68361,1.20,1.20
2014.06.12 18:35:36.894,6.68164,6.68361,1.00,1.20
2014.06.12 18:35:36.945,6.68188,6.68386,1.20,1.20
2014.06.12 18:35:40.910,6.68193,6.68386,1.00,1.20
2014.06.12 18:35:41.321,6.68203,6.68386,1.00,1.20
2014.06.12 18:35:41.764,6.68188,6.68386,1.20,1.20
2014.06.12 18:35:41.966,6.68214,6.68406,1.20,1.20
2014.06.12 18:35:42.089,6.68214,6.68411,1.20,1.20
2014.06.12 18:35:44.005,6.68223,6.68411,1.00,1.20
2014.06.12 18:35:44.208,6.6824,6.68431,1.20,1.20
2014.06.12 18:35:44.260,6.6824,6.68435,1.20,1.20
2014.06.12 18:35:44.411,6.68219,6.68406,1.20,1.20
2014.06.12 18:35:44.462,6.68213,6.68406,1.00,1.20
2014.06.12 18:35:44.844,6.68233,6.68406,1.00,1.20
2014.06.12 18:35:45.091,6.68223,6.68406,1.00,1.20
2014.06.12 18:35:45.192,6.68213,6.68406,1.00,1.20
2014.06.12 18:35:45.293,6.68208,6.68406,1.20,1.20
2014.06.12 18:35:48.440,6.68194,6.6838,1.00,1.20
2014.06.12 18:35:48.642,6.68183,6.6838,1.20,1.20
2014.06.12 18:35:49.272,6.68193,6.6838,1.00,1.20
2014.06.12 18:35:50.667,6.68208,6.68399,1.20,1.20
2014.06.12 18:35:50.718,6.68208,6.68406,1.20,1.20
2014.06.12 18:35:53.517,6.68208,6.68398,1.20,1.20
2014.06.12 18:35:53.619,6.68181,6.68378,1.20,1.20
2014.06.12 18:36:01.746,6.68181,6.68362,1.20,1.00
2014.06.12 18:36:01.797,6.68163,6.68348,1.00,1.20
2014.06.12 18:36:01.848,6.68163,6.68343,1.00,1.00
2014.06.12 18:36:01.898,6.68151,6.68343,1.20,1.00
2014.06.12 18:36:21.733,6.68157,6.68343,1.20,1.00
2014.06.12 18:36:38.676,6.68163,6.68343,1.00,1.00
2014.06.12 18:36:38.979,6.68213,6.68364,1.20,1.00
2014.06.12 18:36:39.030,6.68213,6.68384,1.20,1.00
2014.06.12 18:36:40.891,6.68193,6.68379,1.20,1.20
2014.06.12 18:36:40.942,6.68182,6.68379,1.20,1.20
2014.06.12 18:36:41.090,6.68184,6.68379,1.00,1.20
2014.06.12 18:36:41.409,6.68182,6.68379,1.20,1.20
2014.06.12 18:36:41.898,6.68184,6.68379,1.00,1.20
2014.06.12 18:36:42.935,6.68208,6.68384,1.20,1.00
2014.06.12 18:37:02.419,6.68189,6.68384,1.20,1.00
2014.06.12 18:37:06.383,6.68193,6.68384,1.00,1.00
2014.06.12 18:37:07.851,6.68189,6.68384,1.20,1.00
2014.06.12 18:37:08.143,6.68193,6.68384,1.00,1.00
2014.06.12 18:37:09.159,6.68197,6.68384,1.00,1.00
2014.06.12 18:37:09.456,6.68193,6.68384,1.00,1.00
2014.06.12 18:37:09.507,6.68189,6.68384,1.20,1.00
2014.06.12 18:37:11.435,6.68197,6.68384,1.00,1.00
2014.06.12 18:37:11.936,6.68203,6.68384,1.00,1.00
2014.06.12 18:37:12.015,6.68197,6.68384,1.00,1.00
2014.06.12 18:37:12.090,6.68193,6.68384,1.00,1.00
2014.06.12 18:37:12.429,6.68189,6.68384,1.20,1.00
2014.06.12 18:37:12.581,6.68189,6.68365,1.20,1.00
2014.06.12 18:37:15.937,6.68213,6.68365,1.20,1.00
2014.06.12 18:37:20.756,6.68193,6.68365,1.20,1.00
2014.06.12 18:37:20.857,6.68189,6.68365,1.20,1.00
2014.06.12 18:37:21.112,6.68163,6.6836,1.20,1.20
2014.06.12 18:37:21.163,6.68163,6.68339,1.20,1.00
2014.06.12 18:37:30.918,6.68143,6.68316,1.20,1.00
2014.06.12 18:37:30.969,6.68133,6.68316,1.20,1.00
2014.06.12 18:37:31.070,6.68133,6.68298,1.20,1.00
2014.06.12 18:37:31.231,6.68112,6.68298,1.20,1.00
2014.06.12 18:37:31.332,6.68103,6.68298,1.20,1.00
2014.06.12 18:37:31.491,6.68104,6.68278,1.00,1.00
2014.06.12 18:37:31.813,6.68113,6.68278,1.00,1.00
2014.06.12 18:37:32.378,6.68103,6.68278,1.65,1.00
2014.06.12 18:37:32.559,6.68113,6.68278,1.00,1.00
2014.06.12 18:37:32.914,6.68123,6.68278,1.00,1.00
2014.06.12 18:37:33.440,6.68113,6.68278,1.00,1.00
2014.06.12 18:37:33.491,6.68113,6.68301,1.00,1.20
2014.06.12 18:37:33.552,6.68103,6.68301,1.65,1.20
2014.06.12 18:37:34.318,6.68123,6.68301,1.00,1.20
2014.06.12 18:37:34.870,6.68103,6.68301,1.65,1.20
2014.06.12 18:37:35.858,6.68123,6.68301,1.00,1.20
2014.06.12 18:37:36.410,6.68103,6.68301,1.65,1.20
2014.06.12 18:37:36.821,6.68113,6.68301,1.00,1.20
2014.06.12 18:37:37.129,6.6813,6.68304,1.20,1.00
2014.06.12 18:37:37.438,6.68133,6.68304,1.00,1.00
2014.06.12 18:37:37.873,6.6813,6.68304,1.20,1.00
2014.06.12 18:37:41.097,6.68133,6.68304,1.00,1.00
2014.06.12 18:37:41.616,6.6813,6.68304,1.20,1.00
2014.06.12 18:37:42.763,6.68143,6.68304,1.00,1.00
2014.06.12 18:37:42.814,6.68143,6.68326,1.00,1.00
2014.06.12 18:37:43.038,6.68133,6.68326,1.00,1.00
2014.06.12 18:37:43.634,6.6813,6.68326,1.20,1.00
2014.06.12 18:37:44.068,6.68143,6.68326,1.00,1.00
2014.06.12 18:37:44.583,6.68163,6.68326,1.00,1.00
2014.06.12 18:37:44.800,6.68153,6.68326,1.00,1.00
2014.06.12 18:37:45.052,6.68165,6.68326,1.20,1.00
2014.06.12 18:37:45.154,6.68165,6.68346,1.20,1.00
2014.06.12 18:37:45.569,6.68193,6.68346,1.00,1.00
2014.06.12 18:37:46.118,6.68183,6.68346,1.00,1.00
2014.06.12 18:37:46.603,6.68173,6.68346,1.00,1.00
2014.06.12 18:37:46.777,6.68184,6.68346,1.00,1.00
2014.06.12 18:37:47.096,6.68184,6.68321,1.00,1.00
2014.06.12 18:37:48.128,6.68153,6.68321,1.00,1.00
2014.06.12 18:37:48.364,6.68163,6.68321,1.00,1.00
2014.06.12 18:37:49.089,6.68164,6.68321,1.00,1.00
2014.06.12 18:37:49.529,6.68144,6.68321,1.00,1.00
2014.06.12 18:37:49.909,6.68163,6.68321,1.00,1.00
2014.06.12 18:37:50.429,6.68173,6.68321,1.00,1.00
2014.06.12 18:37:50.847,6.68163,6.68321,1.00,1.00
2014.06.12 18:37:51.113,6.68153,6.68321,1.00,1.00
2014.06.12 18:37:53.388,6.68163,6.68321,1.00,1.00
2014.06.12 18:37:54.338,6.68173,6.68321,1.00,1.00
2014.06.12 18:37:54.853,6.68153,6.68321,1.00,1.00
2014.06.12 18:37:55.044,6.68163,6.68321,1.00,1.00
2014.06.12 18:37:55.394,6.68183,6.68321,1.00,1.00
2014.06.12 18:37:55.798,6.68173,6.68321,1.00,1.00
2014.06.12 18:37:56.443,6.68153,6.68321,1.00,1.00
2014.06.12 18:37:56.548,6.68163,6.68321,1.00,1.00
2014.06.12 18:37:56.699,6.68138,6.68321,1.20,1.00
2014.06.12 18:37:56.772,6.68154,6.68321,1.00,1.00
2014.06.12 18:37:57.188,6.68173,6.68321,1.00,1.00
2014.06.12 18:37:57.337,6.68164,6.68321,1.00,1.00
2014.06.12 18:37:57.647,6.68153,6.68321,1.00,1.00
2014.06.12 18:38:01.282,6.68138,6.68321,1.20,1.00
2014.06.12 18:38:01.510,6.68138,6.68303,1.20,1.00
2014.06.12 18:38:01.864,6.68163,6.68303,1.00,1.00
2014.06.12 18:38:02.383,6.68153,6.68303,1.00,1.00
2014.06.12 18:38:02.616,6.68153,6.68325,1.00,1.00
2014.06.12 18:38:03.068,6.68143,6.68325,1.00,1.00
2014.06.12 18:38:03.148,6.68174,6.68325,1.00,1.00
2014.06.12 18:38:03.706,6.68143,6.68325,1.00,1.00
2014.06.12 18:38:04.026,6.68139,6.68325,1.00,1.00
2014.06.12 18:38:04.128,6.68135,6.68325,1.20,1.00
2014.06.12 18:38:04.387,6.68143,6.68325,1.00,1.00
2014.06.12 18:38:04.717,6.68163,6.68325,1.00,1.00
2014.06.12 18:38:05.152,6.68143,6.68325,1.00,1.00
2014.06.12 18:38:05.597,6.68135,6.68325,1.20,1.00
2014.06.12 18:38:06.577,6.68143,6.68325,1.00,1.00
2014.06.12 18:38:08.127,6.68153,6.68325,1.00,1.00
2014.06.12 18:38:09.107,6.68143,6.68325,1.00,1.00
2014.06.12 18:38:09.437,6.68135,6.68325,1.20,1.00
2014.06.12 18:38:09.538,6.68143,6.68325,1.00,1.00
2014.06.12 18:38:09.887,6.68163,6.68325,1.00,1.00
2014.06.12 18:38:10.298,6.68153,6.68325,1.00,1.00
2014.06.12 18:38:10.639,6.68143,6.68325,1.00,1.00
2014.06.12 18:38:10.979,6.68135,6.68325,1.20,1.00
2014.06.12 18:38:13.388,6.68154,6.68325,1.00,1.00
2014.06.12 18:38:13.605,6.68135,6.68325,1.20,1.00
2014.06.12 18:38:15.597,6.68143,6.68325,1.00,1.00
2014.06.12 18:38:16.347,6.68135,6.68325,1.20,1.00
2014.06.12 18:38:18.379,6.68143,6.68325,1.00,1.00
2014.06.12 18:38:18.480,6.68135,6.68325,1.20,1.00
2014.06.12 18:38:18.581,6.68143,6.68325,1.00,1.00
2014.06.12 18:38:18.704,6.68135,6.68325,1.20,1.00
2014.06.12 18:38:20.379,6.68143,6.68325,1.00,1.00
2014.06.12 18:38:20.668,6.68135,6.68325,1.20,1.00
2014.06.12 18:38:21.466,6.68135,6.68323,1.20,1.20
2014.06.12 18:38:21.517,6.68105,6.68303,1.20,1.20
2014.06.12 18:38:23.627,6.68105,6.68273,1.20,1.19
2014.06.12 18:38:23.678,6.68103,6.68273,1.00,1.19
2014.06.12 18:38:23.728,6.68103,6.68243,1.00,1.00
2014.06.12 18:38:23.830,6.68083,6.68243,1.00,1.00
2014.06.12 18:38:24.032,6.68086,6.68243,1.00,1.00
2014.06.12 18:38:24.083,6.68086,6.68263,1.00,1.00
2014.06.12 18:38:24.134,6.68105,6.68263,1.20,1.00
2014.06.12 18:38:24.184,6.68105,6.68285,1.20,1.00
2014.06.12 18:38:44.272,6.68093,6.68285,1.20,1.00
2014.06.12 18:39:00.369,6.68113,6.68285,1.00,1.00
2014.06.12 18:39:00.521,6.68117,6.68309,1.20,1.00
2014.06.12 18:39:01.875,6.68123,6.68309,1.20,1.00
2014.06.12 18:39:01.976,6.68143,6.68334,1.20,1.00
2014.06.12 18:39:02.943,6.68153,6.68334,1.00,1.00
2014.06.12 18:39:03.941,6.68163,6.68334,1.00,1.00
2014.06.12 18:39:04.326,6.68153,6.68334,1.00,1.00
2014.06.12 18:39:04.627,6.68143,6.68334,1.20,1.00
2014.06.12 18:39:04.845,6.68153,6.68334,1.00,1.00
2014.06.12 18:39:05.153,6.68173,6.68334,1.00,1.00
2014.06.12 18:39:05.629,6.68163,6.68334,1.00,1.00
2014.06.12 18:39:05.859,6.68153,6.68334,1.00,1.00
2014.06.12 18:39:06.105,6.68173,6.68334,1.00,1.00
2014.06.12 18:39:06.206,6.68163,6.68334,1.00,1.00
2014.06.12 18:39:06.281,6.68143,6.68334,1.20,1.00
2014.06.12 18:39:06.605,6.68161,6.68334,1.00,1.00
2014.06.12 18:39:06.656,6.68161,6.68341,1.00,1.20
2014.06.12 18:39:06.874,6.68148,6.68341,1.00,1.20
2014.06.12 18:39:07.265,6.68143,6.68341,1.20,1.20
2014.06.12 18:39:10.179,6.68153,6.68341,1.00,1.20
2014.06.12 18:39:10.346,6.68144,6.68341,1.00,1.20
2014.06.12 18:39:10.894,6.68143,6.68341,1.20,1.20
2014.06.12 18:39:12.329,6.68153,6.68341,1.00,1.20
2014.06.12 18:39:13.258,6.68143,6.68341,1.20,1.20
2014.06.12 18:39:13.309,6.68137,6.68316,1.00,1.20
2014.06.12 18:39:13.360,6.6812,6.68316,1.50,1.20
2014.06.12 18:39:13.461,6.68128,6.68316,1.00,1.20
2014.06.12 18:39:13.818,6.68133,6.68316,1.50,1.20
2014.06.12 18:39:14.221,6.6814,6.68316,1.00,1.20
2014.06.12 18:39:14.636,6.68142,6.68316,1.00,1.20
2014.06.12 18:39:14.855,6.68123,6.68316,1.00,1.20
2014.06.12 18:39:15.576,6.68121,6.68316,1.00,1.20
2014.06.12 18:39:15.862,6.68118,6.68316,1.20,1.20
2014.06.12 18:39:18.897,6.68123,6.68316,1.00,1.20
2014.06.12 18:39:20.175,6.68124,6.68316,1.00,1.20
2014.06.12 18:39:21.275,6.68118,6.68316,1.20,1.20
2014.06.12 18:39:23.624,6.68123,6.68316,1.00,1.20
2014.06.12 18:39:24.595,6.68118,6.68316,1.20,1.20
2014.06.12 18:39:25.400,6.68134,6.68316,1.00,1.20
2014.06.12 18:39:25.806,6.68143,6.68316,1.00,1.20
2014.06.12 18:39:26.386,6.68124,6.68316,1.00,1.20
2014.06.12 18:39:27.142,6.68118,6.68316,1.20,1.20
2014.06.12 18:39:31.182,6.68133,6.68316,1.00,1.20
2014.06.12 18:39:31.320,6.68118,6.68316,1.20,1.20
2014.06.12 18:39:31.653,6.68123,6.68316,1.00,1.20
2014.06.12 18:39:31.956,6.68133,6.68291,1.00,1.00
2014.06.12 18:39:32.278,6.68153,6.68285,1.00,1.20
2014.06.12 18:39:32.626,6.68113,6.68285,1.00,1.20
2014.06.12 18:39:32.863,6.68103,6.68262,1.00,1.00
2014.06.12 18:39:33.850,6.68094,6.68262,1.00,1.00
2014.06.12 18:39:34.086,6.68094,6.68262,1.00,1.19
2014.06.12 18:39:35.191,6.68094,6.68262,1.00,1.19
2014.06.12 18:39:36.097,6.68094,6.68262,1.00,1.19
2014.06.12 18:39:36.493,6.68087,6.68262,1.20,1.19
2014.06.12 18:39:36.595,6.68103,6.68262,1.00,1.19
2014.06.12 18:39:37.506,6.68103,6.68262,1.00,1.00
2014.06.12 18:39:50.378,6.68062,6.6824,1.20,1.00
2014.06.12 18:39:51.683,6.68062,6.6824,1.20,1.19
2014.06.12 18:39:52.674,6.68062,6.68217,1.20,1.00
2014.06.12 18:39:52.776,6.68035,6.68217,1.20,1.19
2014.06.12 18:39:52.927,6.68035,6.68207,1.20,1.19
2014.06.12 18:39:52.978,6.68015,6.682,1.20,1.39
2014.06.12 18:39:53.029,6.68002,6.682,1.20,1.39
2014.06.12 18:39:53.131,6.68002,6.68197,1.20,1.38
2014.06.12 18:39:53.232,6.67982,6.68152,1.20,1.58
2014.06.12 18:39:53.333,6.67982,6.68073,1.20,1.00
2014.06.12 18:39:53.489,6.67954,6.68073,1.20,1.00
2014.06.12 18:39:53.540,6.67961,6.68136,1.00,1.00
2014.06.12 18:39:53.643,6.6797,6.68132,1.00,1.20
2014.06.12 18:39:53.836,6.67966,6.68132,1.00,1.20
2014.06.12 18:39:54.536,6.67968,6.68132,1.00,1.20
2014.06.12 18:39:54.874,6.67979,6.68132,1.00,1.20
2014.06.12 18:39:55.389,6.67983,6.68152,1.00,1.20
2014.06.12 18:39:55.451,6.67983,6.68159,1.00,1.20
2014.06.12 18:39:55.835,6.67976,6.68159,1.00,1.20
2014.06.12 18:39:56.272,6.67987,6.68159,1.00,1.20
2014.06.12 18:39:58.479,6.67981,6.68159,1.00,1.20
2014.06.12 18:39:58.742,6.67989,6.68159,1.00,1.20
2014.06.12 18:39:59.232,6.67989,6.68183,1.65,1.00
2014.06.12 18:39:59.283,6.68008,6.68183,1.00,1.00
2014.06.12 18:39:59.795,6.68002,6.68183,1.00,1.00
2014.06.12 18:40:00.148,6.67992,6.68183,1.00,1.00
2014.06.12 18:40:00.221,6.67992,6.68186,1.00,1.20
2014.06.12 18:40:03.058,6.67993,6.68186,1.00,1.20
2014.06.12 18:40:03.109,6.68002,6.68186,1.00,1.20
2014.06.12 18:40:03.676,6.67999,6.68186,1.00,1.20
2014.06.12 18:40:05.787,6.68003,6.68186,1.00,1.20
2014.06.12 18:40:06.096,6.68019,6.68186,1.00,1.20
2014.06.12 18:40:06.197,6.68019,6.68211,1.00,1.20
2014.06.12 18:40:06.298,6.68034,6.68211,1.00,1.20
2014.06.12 18:40:06.601,6.68037,6.68211,1.00,1.20
2014.06.12 18:40:06.903,6.68043,6.68211,1.00,1.20
2014.06.12 18:40:07.445,6.68048,6.68211,1.00,1.20
2014.06.12 18:40:07.959,6.68039,6.68211,1.00,1.20
2014.06.12 18:40:08.061,6.68041,6.68211,1.00,1.20
2014.06.12 18:40:10.107,6.68043,6.68211,1.00,1.20
2014.06.12 18:40:10.410,6.68048,6.68211,1.00,1.20
2014.06.12 18:40:11.167,6.68047,6.68211,1.00,1.20
2014.06.12 18:40:11.469,6.68051,6.68211,1.00,1.20
2014.06.12 18:40:11.893,6.68053,6.68211,1.00,1.20
2014.06.12 18:40:12.247,6.68047,6.68211,1.00,1.20
2014.06.12 18:40:12.352,6.6805,6.68211,1.00,1.20
2014.06.12 18:40:12.655,6.68063,6.68211,1.00,1.20
2014.06.12 18:40:16.459,6.68077,6.68236,1.00,1.20
2014.06.12 18:40:16.517,6.68072,6.68236,1.00,1.20
2014.06.12 18:40:16.819,6.68094,6.68236,1.00,1.09
2014.06.12 18:40:17.134,6.68103,6.68236,1.00,1.09
2014.06.12 18:40:17.875,6.68093,6.68236,1.00,1.20
2014.06.12 18:40:18.535,6.68103,6.68236,1.00,1.20
2014.06.12 18:40:18.789,6.68103,6.68254,1.00,1.19
2014.06.12 18:40:18.890,6.68103,6.68248,1.00,1.19
2014.06.12 18:40:19.832,6.68103,6.68254,1.00,1.19
2014.06.12 18:40:19.883,6.68093,6.68254,1.00,1.19
2014.06.12 18:40:20.113,6.68103,6.68254,1.00,1.19
2014.06.12 18:40:20.789,6.68103,6.68252,1.00,1.19
2014.06.12 18:40:21.287,6.68093,6.68252,1.00,1.19
2014.06.12 18:40:21.542,6.68093,6.68263,1.00,1.00
2014.06.12 18:40:21.593,6.68093,6.68255,1.00,1.20
2014.06.12 18:40:21.894,6.68093,6.68235,1.00,1.20
2014.06.12 18:40:22.089,6.68066,6.68235,1.00,1.20
2014.06.12 18:40:22.528,6.68093,6.68235,1.00,1.20
2014.06.12 18:40:26.123,6.68113,6.68246,1.00,1.19
2014.06.12 18:40:26.174,6.68103,6.68246,1.00,1.19
2014.06.12 18:40:28.033,6.68103,6.68259,1.00,1.39
2014.06.12 18:40:28.667,6.68083,6.68259,1.00,1.39
2014.06.12 18:40:29.037,6.68083,6.68259,1.00,1.20
2014.06.12 18:40:29.326,6.68079,6.68259,1.00,1.20
2014.06.12 18:40:29.545,6.68083,6.68259,1.00,1.20
2014.06.12 18:40:30.064,6.68083,6.68259,1.00,1.39
2014.06.12 18:40:30.636,6.68086,6.68259,1.00,1.39
2014.06.12 18:40:30.939,6.68093,6.68259,1.00,1.39
2014.06.12 18:40:31.804,6.68093,6.68259,1.00,1.39
2014.06.12 18:40:32.075,6.68094,6.68259,1.00,1.39
2014.06.12 18:40:32.399,6.68097,6.68259,1.00,1.39
2014.06.12 18:40:33.029,6.68097,6.68259,1.00,1.20
2014.06.12 18:40:33.284,6.68103,6.68259,1.00,1.20
2014.06.12 18:40:33.614,6.68097,6.68259,1.00,1.20
2014.06.12 18:40:34.035,6.68097,6.68259,1.00,1.39
2014.06.12 18:40:35.064,6.68097,6.68259,1.00,1.39
2014.06.12 18:40:36.044,6.68097,6.68259,1.00,1.39
2014.06.12 18:40:41.068,6.68097,6.68259,1.00,1.39
2014.06.12 18:40:42.804,6.68099,6.68259,1.00,1.39
2014.06.12 18:40:43.110,6.68103,6.68259,1.00,1.39
2014.06.12 18:40:44.085,6.68123,6.68259,1.00,1.39
2014.06.12 18:40:44.286,6.68103,6.68259,1.00,1.39
2014.06.12 18:40:45.091,6.68103,6.68259,1.00,1.39
2014.06.12 18:40:47.066,6.68103,6.68261,1.00,1.19
2014.06.12 18:40:48.171,6.68103,6.68261,1.00,1.00
2014.06.12 18:40:49.076,6.68103,6.68261,1.00,1.19
2014.06.12 18:40:52.087,6.68103,6.68261,1.00,1.19
2014.06.12 18:40:52.743,6.68123,6.68261,1.00,1.19
2014.06.12 18:40:53.094,6.68123,6.68261,1.00,1.00
2014.06.12 18:40:56.145,6.68123,6.68261,1.00,1.19
2014.06.12 18:40:57.114,6.68123,6.68261,1.00,1.25
2014.06.12 18:40:58.020,6.68103,6.68261,1.00,1.25
2014.06.12 18:41:00.011,6.68108,6.68261,1.00,1.00
2014.06.12 18:41:00.335,6.68103,6.68261,1.50,1.00
2014.06.12 18:41:02.251,6.68103,6.68261,1.00,1.19
2014.06.12 18:41:03.309,6.68103,6.68261,1.00,1.25
2014.06.12 18:41:04.400,6.68123,6.68261,1.00,1.25
2014.06.12 18:41:04.835,6.68103,6.68261,1.00,1.25
2014.06.12 18:41:08.383,6.68108,6.68261,1.00,1.00
2014.06.12 18:41:08.812,6.68103,6.68261,1.00,1.00
2014.06.12 18:41:09.015,6.68103,6.6824,1.00,1.20
2014.06.12 18:41:09.066,6.68083,6.6824,1.69,1.20
2014.06.12 18:41:10.061,6.68089,6.6824,1.00,1.20
2014.06.12 18:41:10.213,6.68089,6.68261,1.00,1.19
2014.06.12 18:41:10.264,6.68093,6.68261,1.00,1.19
2014.06.12 18:41:10.700,6.68103,6.68266,1.00,1.20
2014.06.12 18:41:30.481,6.68098,6.68268,1.00,1.20
2014.06.12 18:41:30.696,6.68103,6.68268,1.00,1.20
2014.06.12 18:41:32.464,6.68103,6.6828,1.00,1.19
2014.06.12 18:41:33.344,6.68103,6.6828,1.00,1.00
2014.06.12 18:41:37.946,6.68103,6.68261,1.00,1.20
2014.06.12 18:41:38.250,6.68083,6.68241,1.00,1.20
2014.06.12 18:41:41.936,6.68078,6.68241,1.00,1.20
2014.06.12 18:41:42.153,6.68074,6.68241,1.00,1.20
2014.06.12 18:41:44.105,6.68074,6.68241,1.00,1.39
2014.06.12 18:41:44.505,6.68074,6.68216,1.00,1.20
2014.06.12 18:41:44.556,6.68064,6.68216,1.00,1.20
2014.06.12 18:41:45.112,6.68053,6.68216,1.00,1.20
2014.06.12 18:41:45.163,6.68053,6.68216,1.00,1.39
2014.06.12 18:41:46.118,6.68053,6.68216,1.00,1.39
2014.06.12 18:41:49.035,6.68053,6.68216,1.00,1.20
2014.06.12 18:41:52.033,6.68058,6.68216,1.00,1.09
2014.06.12 18:41:55.115,6.68063,6.68216,1.00,1.20
2014.06.12 18:41:59.689,6.68063,6.68216,1.00,1.39
2014.06.12 18:41:59.790,6.68058,6.68216,1.00,1.39
2014.06.12 18:41:59.891,6.6806,6.68189,1.00,1.20
2014.06.12 18:42:00.015,6.68039,6.68189,1.00,1.20
2014.06.12 18:42:02.625,6.68024,6.68189,1.00,1.20
2014.06.12 18:42:04.522,6.68034,6.68189,1.00,1.20
2014.06.12 18:42:05.038,6.68029,6.68189,1.00,1.20
2014.06.12 18:42:05.949,6.68034,6.68189,1.00,1.20
2014.06.12 18:42:09.643,6.6804,6.68189,1.00,1.20
