2010.03.15 01:00:00.571,7.0588,7.0636,1.00,3.20
2010.03.15 01:00:01.233,7.0585,7.0636,1.00,3.20
2010.03.15 01:00:02.321,7.0585,7.0633,1.00,3.20
2010.03.15 01:00:03.539,7.0587,7.0636,1.00,3.20
2010.03.15 01:00:05.085,7.05885,7.0638,1.00,1.60
2010.03.15 01:00:05.433,7.05885,7.0636,1.00,3.20
2010.03.15 01:00:07.647,7.059,7.0636,1.00,3.20
2010.03.15 01:00:07.801,7.05875,7.0638,2.10,1.60
2010.03.15 01:00:07.943,7.0588,7.0636,1.00,3.20
2010.03.15 01:00:08.233,7.059,7.0636,1.00,3.20
2010.03.15 01:00:08.583,7.059,7.0638,1.00,1.60
2010.03.15 01:00:11.301,7.0588,7.0638,1.00,1.60
2010.03.15 01:00:11.719,7.0588,7.0636,1.00,3.20
2010.03.15 01:00:15.608,7.0592,7.0636,1.00,3.20
2010.03.15 01:00:16.168,7.0592,7.0638,1.00,1.60
2010.03.15 01:00:19.636,7.059,7.0638,1.00,1.60
2010.03.15 01:00:38.775,7.0588,7.0638,1.00,1.60
2010.03.15 01:00:38.996,7.0588,7.0636,1.00,3.20
2010.03.15 01:00:39.211,7.059,7.0638,1.00,4.80
2010.03.15 01:00:39.427,7.059,7.0638,1.00,1.60
2010.03.15 01:00:41.291,7.0588,7.0638,1.00,1.60
2010.03.15 01:00:41.612,7.05855,7.0636,2.10,3.20
2010.03.15 01:00:42.583,7.0588,7.0635,1.00,3.20
2010.03.15 01:00:46.296,7.0585,7.06325,1.00,3.20
2010.03.15 01:00:46.644,7.0587,7.06345,1.00,3.20
2010.03.15 01:00:46.995,7.0587,7.0635,1.00,3.20
2010.03.15 01:00:47.483,7.0587,7.0636,1.00,3.20
2010.03.15 01:00:47.788,7.0585,7.0633,1.00,3.20
2010.03.15 01:00:54.171,7.059,7.0633,1.00,3.20
2010.03.15 01:00:54.449,7.059,7.0638,1.00,1.60
2010.03.15 01:01:08.867,7.0588,7.0636,1.00,3.20
2010.03.15 01:01:17.456,7.05855,7.0636,1.60,3.20
2010.03.15 01:01:17.540,7.0585,7.06305,1.00,3.20
2010.03.15 01:01:17.828,7.0585,7.0633,1.00,3.20
2010.03.15 01:01:29.830,7.0585,7.06355,1.00,3.20
2010.03.15 01:01:38.307,7.0585,7.0633,1.00,3.20
2010.03.15 01:01:53.146,7.05825,7.06305,1.00,3.20
2010.03.15 01:02:10.711,7.05795,7.0628,1.00,3.20
2010.03.15 01:02:11.684,7.05815,7.06305,1.00,3.20
2010.03.15 01:02:12.025,7.05845,7.0633,1.00,3.20
2010.03.15 01:02:20.494,7.05825,7.06315,1.00,3.20
2010.03.15 01:02:24.605,7.058,7.06315,1.00,3.20
2010.03.15 01:02:24.938,7.058,7.0628,1.00,3.20
2010.03.15 01:02:25.576,7.05775,7.0628,2.00,3.20
2010.03.15 01:02:25.927,7.05775,7.06255,1.00,3.20
2010.03.15 01:02:26.273,7.05795,7.06255,1.00,3.20
2010.03.15 01:02:26.618,7.05795,7.0628,1.00,3.20
2010.03.15 01:02:29.158,7.05775,7.06255,1.00,3.20
2010.03.15 01:02:31.324,7.05745,7.06255,1.00,3.20
2010.03.15 01:02:31.670,7.05745,7.0623,1.00,3.20
2010.03.15 01:02:32.339,7.05765,7.06255,1.00,3.20
2010.03.15 01:02:35.416,7.05795,7.06255,1.00,3.20
2010.03.15 01:02:35.655,7.05795,7.0628,1.00,6.40
2010.03.15 01:02:35.896,7.05795,7.0628,1.00,3.20
2010.03.15 01:02:38.807,7.05775,7.0628,1.00,3.20
2010.03.15 01:02:39.093,7.05775,7.06255,1.00,3.20
2010.03.15 01:02:40.207,7.05745,7.06255,1.00,3.20
2010.03.15 01:02:40.506,7.05745,7.0623,1.00,3.20
2010.03.15 01:03:00.718,7.05725,7.06205,1.00,3.20
2010.03.15 01:03:06.427,7.057,7.06205,1.60,3.20
2010.03.15 01:03:06.770,7.05695,7.0618,1.00,3.20
2010.03.15 01:03:13.886,7.05715,7.0618,1.00,3.20
2010.03.15 01:03:14.146,7.05745,7.0618,1.00,3.20
2010.03.15 01:03:14.407,7.05745,7.0623,1.00,3.20
2010.03.15 01:03:27.880,7.05725,7.06205,1.00,3.20
2010.03.15 01:03:28.233,7.05695,7.06205,1.00,3.20
2010.03.15 01:03:28.574,7.05695,7.0618,1.00,3.20
2010.03.15 01:03:30.543,7.0572,7.0618,1.60,3.20
2010.03.15 01:03:30.762,7.05745,7.062,1.00,3.20
2010.03.15 01:03:31.102,7.05745,7.0623,1.00,3.20
2010.03.15 01:03:33.893,7.05725,7.0623,1.00,3.20
2010.03.15 01:03:34.012,7.05745,7.0623,1.00,6.40
2010.03.15 01:03:34.123,7.05745,7.06205,1.00,3.20
2010.03.15 01:03:34.542,7.05745,7.0623,1.00,3.20
2010.03.15 01:03:37.402,7.05725,7.06205,1.00,3.20
2010.03.15 01:03:37.790,7.05745,7.06205,1.00,3.20
2010.03.15 01:03:37.980,7.05745,7.0623,1.00,3.20
2010.03.15 01:03:38.443,7.05765,7.06255,1.00,6.40
2010.03.15 01:03:38.794,7.05765,7.0623,1.00,3.20
2010.03.15 01:03:39.142,7.05765,7.06255,1.00,3.20
2010.03.15 01:03:45.560,7.05795,7.06255,1.00,3.20
2010.03.15 01:03:45.651,7.05795,7.0628,1.00,6.40
2010.03.15 01:03:45.750,7.05795,7.0628,1.00,3.20
2010.03.15 01:03:46.037,7.05815,7.0628,1.00,3.20
2010.03.15 01:03:46.134,7.0585,7.06305,1.00,3.20
2010.03.15 01:03:46.671,7.0585,7.0633,1.00,3.20
2010.03.15 01:03:51.671,7.0585,7.0636,1.00,3.20
2010.03.15 01:03:51.761,7.0585,7.0633,1.00,3.20
2010.03.15 01:03:54.970,7.05865,7.0636,1.00,3.20
2010.03.15 01:03:55.190,7.05865,7.0633,1.00,3.20
2010.03.15 01:03:55.339,7.0585,7.0636,1.00,3.20
2010.03.15 01:03:55.486,7.0585,7.0633,1.00,3.20
2010.03.15 01:04:39.468,7.0587,7.0633,1.00,3.20
2010.03.15 01:04:39.686,7.0587,7.0636,1.00,3.20
2010.03.15 01:05:02.670,7.0585,7.0636,1.00,3.20
2010.03.15 01:05:02.911,7.0585,7.0633,1.00,3.20
2010.03.15 01:05:08.429,7.05825,7.0633,1.60,3.20
2010.03.15 01:05:08.584,7.05795,7.0633,1.00,3.20
2010.03.15 01:05:08.867,7.05775,7.0628,2.10,3.20
2010.03.15 01:05:09.252,7.05775,7.06265,1.00,3.20
2010.03.15 01:05:17.314,7.0575,7.0623,1.00,3.20
2010.03.15 01:05:21.840,7.05745,7.0623,1.00,3.20
2010.03.15 01:05:22.177,7.05715,7.0618,1.00,3.20
2010.03.15 01:05:22.439,7.05715,7.0619,1.00,3.20
2010.03.15 01:05:28.394,7.05715,7.0619,2.00,3.20
2010.03.15 01:05:28.676,7.05715,7.06205,1.00,3.20
2010.03.15 01:05:28.968,7.05695,7.0618,1.00,3.20
2010.03.15 01:05:30.643,7.05715,7.0618,1.00,3.20
2010.03.15 01:05:30.985,7.05715,7.06205,1.00,3.20
2010.03.15 01:05:33.153,7.05715,7.06205,2.00,3.20
2010.03.15 01:05:33.282,7.05745,7.06205,1.00,3.20
2010.03.15 01:05:33.543,7.05745,7.0623,1.00,3.20
2010.03.15 01:05:34.869,7.05725,7.0623,1.00,3.20
2010.03.15 01:05:35.142,7.05725,7.06205,1.00,3.20
2010.03.15 01:05:38.717,7.05745,7.0623,1.00,3.20
2010.03.15 01:05:54.167,7.05725,7.0623,1.00,3.20
2010.03.15 01:05:54.379,7.05725,7.06205,1.00,3.20
2010.03.15 01:06:11.086,7.05695,7.0618,1.00,3.20
2010.03.15 01:06:32.897,7.05695,7.0618,2.00,3.20
2010.03.15 01:06:36.217,7.05695,7.0618,1.00,3.20
2010.03.15 01:06:37.361,7.05665,7.0618,2.00,3.20
2010.03.15 01:06:37.610,7.05665,7.0615,1.00,6.40
2010.03.15 01:06:37.860,7.05645,7.06125,1.00,3.20
2010.03.15 01:06:38.550,7.0562,7.061,1.00,3.20
2010.03.15 01:06:40.742,7.0566,7.061,1.00,3.20
2010.03.15 01:06:40.928,7.0566,7.06125,1.00,3.20
2010.03.15 01:06:41.280,7.05645,7.061,1.00,3.20
2010.03.15 01:06:41.627,7.05645,7.06125,1.00,3.20
2010.03.15 01:06:45.214,7.0562,7.06125,1.00,3.20
2010.03.15 01:06:45.446,7.0562,7.061,1.00,3.20
2010.03.15 01:07:11.487,7.0559,7.06075,1.00,3.20
2010.03.15 01:07:15.660,7.0561,7.06075,1.00,3.20
2010.03.15 01:07:15.942,7.0561,7.061,1.00,3.20
2010.03.15 01:07:20.134,7.0562,7.061,1.60,3.20
2010.03.15 01:07:20.268,7.05645,7.06125,1.00,6.40
2010.03.15 01:07:20.395,7.05665,7.06125,1.00,6.40
2010.03.15 01:07:20.696,7.05665,7.06125,1.00,3.20
2010.03.15 01:07:20.832,7.0569,7.06135,1.00,3.20
2010.03.15 01:07:20.958,7.0569,7.0616,1.00,3.20
2010.03.15 01:07:21.295,7.0569,7.0618,1.00,3.20
2010.03.15 01:07:37.674,7.0571,7.0618,1.00,3.20
2010.03.15 01:07:37.842,7.0571,7.06205,1.00,3.20
2010.03.15 01:08:04.748,7.0569,7.06205,1.00,3.20
2010.03.15 01:08:05.217,7.0569,7.0618,1.00,3.20
2010.03.15 01:08:10.066,7.0571,7.0618,1.00,3.20
2010.03.15 01:08:10.421,7.0571,7.06205,1.00,3.20
2010.03.15 01:08:15.594,7.0572,7.06205,1.60,3.20
2010.03.15 01:08:15.936,7.0572,7.0623,1.00,3.20
2010.03.15 01:08:16.286,7.05765,7.06255,1.00,3.20
2010.03.15 01:08:16.984,7.05795,7.0628,1.00,3.20
2010.03.15 01:08:17.327,7.05815,7.0629,1.00,4.60
2010.03.15 01:08:17.774,7.05845,7.0629,1.00,1.40
2010.03.15 01:08:30.185,7.05865,7.0629,1.00,1.40
2010.03.15 01:08:31.854,7.05895,7.0629,1.00,1.40
2010.03.15 01:08:38.766,7.0588,7.0629,1.00,1.40
2010.03.15 01:08:40.827,7.05875,7.0629,1.00,1.40
2010.03.15 01:09:02.791,7.05895,7.0629,1.00,1.40
2010.03.15 01:09:02.860,7.05875,7.0636,2.10,3.20
2010.03.15 01:09:03.071,7.05895,7.06385,1.00,3.20
2010.03.15 01:09:05.560,7.05875,7.06385,1.00,3.20
2010.03.15 01:09:05.871,7.05895,7.06385,1.00,3.20
2010.03.15 01:09:32.827,7.05875,7.0636,1.00,3.20
2010.03.15 01:09:40.482,7.05875,7.0636,2.00,3.20
2010.03.15 01:09:40.663,7.05895,7.06385,1.00,3.20
2010.03.15 01:09:48.370,7.05895,7.06365,1.00,3.20
2010.03.15 01:10:06.979,7.05875,7.06365,1.60,3.20
2010.03.15 01:10:07.217,7.0587,7.0634,1.00,3.20
2010.03.15 01:10:11.230,7.0587,7.06315,1.00,3.20
2010.03.15 01:10:11.680,7.0582,7.0629,1.00,3.20
2010.03.15 01:10:18.784,7.05845,7.0629,1.00,3.20
2010.03.15 01:10:19.023,7.05845,7.06315,1.00,3.20
2010.03.15 01:10:36.868,7.05865,7.0634,1.00,3.20
2010.03.15 01:10:51.310,7.05845,7.0634,1.00,3.20
2010.03.15 01:10:51.468,7.05845,7.06315,1.00,3.20
2010.03.15 01:10:53.769,7.05845,7.0634,1.00,3.20
2010.03.15 01:10:53.918,7.05865,7.0634,1.00,3.20
2010.03.15 01:10:57.334,7.05865,7.064,1.00,1.00
2010.03.15 01:11:00.643,7.0587,7.064,1.00,1.00
2010.03.15 01:11:20.149,7.05895,7.0644,1.00,1.00
2010.03.15 01:11:20.983,7.059,7.0645,1.00,1.10
2010.03.15 01:11:21.221,7.0593,7.0646,1.00,1.00
2010.03.15 01:11:21.576,7.05915,7.0644,1.00,1.00
2010.03.15 01:11:21.923,7.05895,7.0644,1.00,1.00
2010.03.15 01:11:59.058,7.05895,7.064,1.00,1.00
2010.03.15 01:11:59.241,7.0588,7.064,1.60,1.00
2010.03.15 01:12:58.591,7.05895,7.0644,1.00,1.00
2010.03.15 01:13:59.140,7.0593,7.06445,1.00,1.10
2010.03.15 01:13:59.485,7.0593,7.0646,1.00,1.00
2010.03.15 01:14:00.002,7.0594,7.06465,1.00,1.10
2010.03.15 01:14:01.581,7.0588,7.06425,1.70,1.10
2010.03.15 01:14:01.716,7.0588,7.064,1.60,1.00
2010.03.15 01:14:02.762,7.05895,7.0644,1.00,1.00
2010.03.15 01:14:03.447,7.0593,7.06445,1.00,1.10
2010.03.15 01:14:03.729,7.0593,7.0646,1.00,1.00
2010.03.15 01:14:03.872,7.05915,7.06465,1.00,1.10
2010.03.15 01:14:04.554,7.0593,7.0646,1.00,1.00
2010.03.15 01:14:05.042,7.05915,7.06465,1.00,1.10
2010.03.15 01:14:05.290,7.059,7.06445,1.00,1.10
2010.03.15 01:14:05.540,7.05895,7.0644,1.00,1.00
2010.03.15 01:14:05.912,7.059,7.06445,1.00,1.10
2010.03.15 01:14:09.979,7.05895,7.0644,1.00,1.00
2010.03.15 01:14:18.675,7.05895,7.064,1.00,1.00
2010.03.15 01:14:18.840,7.0588,7.06425,1.70,1.10
2010.03.15 01:14:18.930,7.05895,7.0644,1.00,1.00
2010.03.15 01:14:19.100,7.05895,7.064,1.00,1.00
2010.03.15 01:14:19.192,7.05895,7.0644,1.00,1.00
2010.03.15 01:14:28.322,7.05915,7.0644,1.00,1.00
2010.03.15 01:14:28.605,7.0593,7.0646,1.00,1.00
2010.03.15 01:14:28.963,7.0594,7.06465,1.00,1.10
2010.03.15 01:14:29.557,7.0593,7.0646,1.00,1.00
2010.03.15 01:14:29.903,7.0594,7.06465,1.00,1.10
2010.03.15 01:14:31.383,7.0593,7.0646,1.00,1.00
2010.03.15 01:14:31.894,7.0594,7.06465,1.00,1.10
2010.03.15 01:14:33.543,7.0593,7.0646,1.00,1.00
2010.03.15 01:14:33.764,7.0593,7.06445,1.00,1.10
2010.03.15 01:14:33.864,7.059,7.06445,1.00,1.10
2010.03.15 01:14:33.965,7.05895,7.0644,1.00,1.00
2010.03.15 01:14:34.214,7.059,7.06445,1.00,1.10
2010.03.15 01:14:34.345,7.059,7.06445,1.00,1.10
2010.03.15 01:14:35.227,7.05895,7.0644,1.00,1.00
2010.03.15 01:14:36.397,7.059,7.06445,1.00,1.10
2010.03.15 01:14:36.613,7.05895,7.0644,1.00,1.00
2010.03.15 01:14:36.959,7.059,7.06445,1.00,1.10
2010.03.15 01:14:37.607,7.05895,7.0644,1.00,1.00
2010.03.15 01:14:37.951,7.059,7.06445,1.00,1.10
2010.03.15 01:14:38.622,7.0593,7.0646,1.00,1.00
2010.03.15 01:14:38.717,7.05915,7.06465,1.00,1.10
2010.03.15 01:14:39.021,7.0593,7.0646,1.00,1.00
2010.03.15 01:14:43.231,7.05915,7.06465,1.00,1.10
2010.03.15 01:14:48.440,7.0593,7.06465,1.00,1.50
2010.03.15 01:14:48.767,7.05915,7.06465,1.00,1.10
2010.03.15 01:14:49.358,7.0593,7.0646,1.00,1.00
2010.03.15 01:14:49.543,7.05915,7.0644,1.00,1.00
2010.03.15 01:14:49.722,7.05915,7.0644,1.00,1.00
2010.03.15 01:14:49.903,7.05895,7.0644,1.00,1.00
2010.03.15 01:14:50.085,7.059,7.06445,1.00,1.10
2010.03.15 01:14:50.271,7.05895,7.0644,1.00,1.00
2010.03.15 01:15:01.448,7.0593,7.0646,1.00,1.00
2010.03.15 01:15:02.012,7.0594,7.06465,1.00,1.10
2010.03.15 01:15:02.356,7.0593,7.0646,1.00,1.00
2010.03.15 01:15:02.699,7.0598,7.06465,1.00,1.10
2010.03.15 01:15:02.987,7.0598,7.0647,1.00,1.60
2010.03.15 01:15:05.058,7.05995,7.0647,1.00,1.60
2010.03.15 01:15:07.047,7.0603,7.0647,1.00,1.60
2010.03.15 01:15:07.376,7.06015,7.0647,1.00,1.60
2010.03.15 01:15:07.708,7.0603,7.0647,1.00,1.60
2010.03.15 01:15:08.047,7.05995,7.0647,2.00,1.60
2010.03.15 01:15:11.807,7.05995,7.0647,1.00,1.60
2010.03.15 01:15:12.665,7.0598,7.0647,1.00,1.60
2010.03.15 01:15:13.014,7.05985,7.0647,1.60,1.60
2010.03.15 01:15:13.352,7.0599,7.0647,1.00,1.60
2010.03.15 01:15:14.267,7.05985,7.0647,1.60,1.60
2010.03.15 01:15:14.674,7.0598,7.0647,1.00,1.60
2010.03.15 01:15:18.379,7.05965,7.0647,1.60,1.60
2010.03.15 01:15:21.758,7.05955,7.0647,1.60,1.60
2010.03.15 01:15:27.715,7.0598,7.0647,1.00,1.60
2010.03.15 01:15:27.773,7.06,7.0647,1.00,1.60
2010.03.15 01:15:30.619,7.0603,7.0647,1.00,1.60
2010.03.15 01:15:32.241,7.0605,7.0658,1.00,1.80
2010.03.15 01:15:32.992,7.0603,7.0647,1.00,1.60
2010.03.15 01:15:33.850,7.0605,7.0647,1.00,1.60
2010.03.15 01:15:34.160,7.0603,7.0647,1.00,1.60
2010.03.15 01:15:34.408,7.05995,7.0647,1.00,1.60
2010.03.15 01:15:38.686,7.0603,7.0647,1.00,1.60
2010.03.15 01:15:40.057,7.05995,7.0647,1.00,1.60
2010.03.15 01:15:42.081,7.0599,7.0647,1.00,1.60
2010.03.15 01:15:42.299,7.0598,7.0647,1.00,1.60
2010.03.15 01:15:46.064,7.06,7.0647,1.00,1.60
2010.03.15 01:15:54.217,7.0603,7.0647,1.00,1.60
2010.03.15 01:15:56.899,7.06,7.0647,1.00,1.60
2010.03.15 01:15:57.065,7.0598,7.0647,1.00,1.60
2010.03.15 01:15:58.456,7.05945,7.0647,1.00,1.60
2010.03.15 01:16:00.874,7.0594,7.0647,1.00,1.60
2010.03.15 01:16:01.125,7.0593,7.0646,1.00,1.00
2010.03.15 01:16:01.471,7.0594,7.0647,1.00,1.60
2010.03.15 01:16:01.617,7.0593,7.0646,1.00,1.00
2010.03.15 01:16:01.961,7.0594,7.0647,1.00,1.60
2010.03.15 01:16:02.301,7.0593,7.0646,1.00,1.00
2010.03.15 01:16:02.641,7.0593,7.0646,1.00,1.00
2010.03.15 01:16:02.982,7.0594,7.0647,1.00,1.60
2010.03.15 01:16:03.253,7.0593,7.0646,1.00,1.00
2010.03.15 01:16:03.822,7.0594,7.0647,1.00,1.60
2010.03.15 01:16:04.653,7.0593,7.0646,1.00,1.00
2010.03.15 01:16:04.809,7.0593,7.0646,1.00,1.00
2010.03.15 01:16:05.109,7.0594,7.0647,1.00,1.60
2010.03.15 01:16:05.353,7.0593,7.0646,1.00,1.00
2010.03.15 01:16:05.755,7.0594,7.0647,1.00,1.60
2010.03.15 01:16:06.051,7.0593,7.0646,1.00,1.00
2010.03.15 01:16:06.788,7.0594,7.0647,1.00,1.60
2010.03.15 01:16:07.018,7.0593,7.0646,1.00,1.00
2010.03.15 01:16:07.248,7.0594,7.0647,1.00,1.60
2010.03.15 01:16:07.478,7.0594,7.0647,1.00,1.60
2010.03.15 01:16:07.708,7.0593,7.0646,1.00,1.00
2010.03.15 01:16:07.938,7.0594,7.0647,1.00,1.70
2010.03.15 01:16:09.858,7.0597,7.0647,1.00,1.60
2010.03.15 01:16:10.027,7.0597,7.0647,1.00,1.60
2010.03.15 01:16:10.288,7.0594,7.0647,1.00,1.70
2010.03.15 01:16:10.548,7.0597,7.0647,1.00,1.60
2010.03.15 01:16:11.068,7.0594,7.0647,1.00,1.70
2010.03.15 01:16:11.221,7.0597,7.0647,1.00,1.60
2010.03.15 01:16:11.378,7.0597,7.0647,1.00,1.60
2010.03.15 01:16:14.007,7.0594,7.0647,1.00,1.70
2010.03.15 01:16:14.394,7.06,7.0647,1.00,1.60
2010.03.15 01:16:16.041,7.0599,7.0647,1.00,1.60
2010.03.15 01:16:16.338,7.0595,7.0647,1.00,1.60
2010.03.15 01:16:20.685,7.0595,7.065,1.00,1.10
2010.03.15 01:16:39.003,7.05965,7.0651,1.00,1.00
2010.03.15 01:16:39.042,7.0599,7.0652,1.00,1.30
2010.03.15 01:16:45.461,7.06,7.0655,1.00,1.10
2010.03.15 01:16:46.822,7.0604,7.0657,1.00,1.20
2010.03.15 01:16:47.001,7.0604,7.0657,1.00,1.30
2010.03.15 01:16:47.893,7.0607,7.0659,1.00,1.10
2010.03.15 01:16:49.140,7.0609,7.0662,1.00,1.30
2010.03.15 01:16:50.441,7.0609,7.066,1.00,1.10
2010.03.15 01:16:50.770,7.0605,7.066,1.00,1.10
2010.03.15 01:16:52.442,7.0609,7.0662,1.00,1.30
2010.03.15 01:16:53.000,7.06065,7.0661,1.00,1.00
2010.03.15 01:16:53.566,7.0609,7.0662,1.00,1.20
2010.03.15 01:16:53.789,7.0609,7.0662,1.00,1.30
2010.03.15 01:16:54.010,7.06065,7.0661,1.00,1.00
2010.03.15 01:16:54.230,7.0605,7.066,1.00,1.10
2010.03.15 01:16:54.698,7.06045,7.0657,1.00,1.00
2010.03.15 01:16:54.931,7.0604,7.0657,1.00,1.00
2010.03.15 01:16:56.059,7.0605,7.066,1.00,1.10
2010.03.15 01:16:56.838,7.0607,7.0661,1.00,1.00
2010.03.15 01:16:57.138,7.0609,7.0662,1.00,1.00
2010.03.15 01:17:06.218,7.061,7.06625,1.00,1.10
2010.03.15 01:17:06.584,7.0613,7.06625,1.60,1.10
2010.03.15 01:17:06.711,7.0615,7.06625,1.00,1.10
2010.03.15 01:17:07.042,7.0615,7.0667,1.00,2.20
2010.03.15 01:17:08.206,7.0613,7.06655,1.60,1.10
2010.03.15 01:17:08.724,7.0615,7.0667,1.00,1.10
2010.03.15 01:17:09.050,7.0613,7.0663,1.60,1.00
2010.03.15 01:17:11.326,7.0613,7.06655,1.60,1.10
2010.03.15 01:17:11.968,7.0613,7.0663,1.60,1.00
2010.03.15 01:17:12.447,7.0613,7.0662,1.60,1.00
2010.03.15 01:17:12.801,7.0613,7.06605,1.60,1.10
2010.03.15 01:17:17.447,7.0613,7.0662,1.60,1.00
2010.03.15 01:17:17.614,7.061,7.06625,1.80,1.10
2010.03.15 01:17:19.373,7.0613,7.0663,1.60,1.00
2010.03.15 01:17:19.496,7.0613,7.06655,1.60,1.10
2010.03.15 01:17:20.008,7.0613,7.06635,1.60,1.10
2010.03.15 01:17:21.128,7.0613,7.06605,1.60,1.10
2010.03.15 01:17:22.762,7.0613,7.06625,1.60,1.10
2010.03.15 01:17:23.992,7.0613,7.0662,1.60,1.00
2010.03.15 01:17:27.509,7.0613,7.06605,1.60,1.10
2010.03.15 01:17:28.531,7.0613,7.0657,1.60,1.00
2010.03.15 01:17:28.953,7.0613,7.06605,1.60,1.10
2010.03.15 01:17:33.559,7.0613,7.0662,1.60,1.00
2010.03.15 01:17:34.501,7.0613,7.06605,1.60,1.10
2010.03.15 01:17:35.983,7.0613,7.0662,1.60,1.00
2010.03.15 01:17:36.158,7.0613,7.0662,1.60,1.00
2010.03.15 01:17:36.335,7.0613,7.0661,1.60,1.00
2010.03.15 01:17:36.729,7.0613,7.06605,1.60,1.10
2010.03.15 01:17:40.484,7.0613,7.0657,1.60,1.00
2010.03.15 01:17:58.327,7.0613,7.0658,1.60,1.30
2010.03.15 01:18:01.664,7.0613,7.06605,1.60,1.10
2010.03.15 01:18:08.065,7.0613,7.0658,1.60,1.10
2010.03.15 01:18:08.413,7.0613,7.0657,1.60,1.00
2010.03.15 01:18:09.073,7.0613,7.06605,1.60,1.10
2010.03.15 01:18:16.683,7.0613,7.0657,1.60,1.00
2010.03.15 01:18:20.699,7.0613,7.06605,1.60,1.10
2010.03.15 01:18:28.196,7.0613,7.0657,1.60,1.00
2010.03.15 01:18:33.363,7.0613,7.0658,1.60,1.10
2010.03.15 01:18:33.707,7.0613,7.06605,1.60,1.10
2010.03.15 01:18:37.331,7.0613,7.0661,1.60,1.00
2010.03.15 01:18:37.428,7.0613,7.0662,1.60,1.00
2010.03.15 01:18:38.802,7.0613,7.0661,1.60,1.00
2010.03.15 01:18:44.095,7.0613,7.0662,1.60,1.00
2010.03.15 01:18:44.348,7.0613,7.0661,1.60,1.00
2010.03.15 01:18:48.761,7.0613,7.06605,1.60,1.10
2010.03.15 01:19:28.303,7.0613,7.0662,1.60,1.00
2010.03.15 01:19:33.476,7.0613,7.06625,1.60,1.10
2010.03.15 01:19:37.581,7.0613,7.06635,1.60,1.10
2010.03.15 01:19:37.674,7.0613,7.0665,1.60,1.10
2010.03.15 01:19:49.362,7.0615,7.0667,1.00,1.10
2010.03.15 01:19:54.676,7.0613,7.0663,1.60,1.00
2010.03.15 01:19:55.303,7.0613,7.06635,1.60,1.10
2010.03.15 01:19:55.573,7.0613,7.0663,1.60,1.00
2010.03.15 01:19:55.843,7.0613,7.06635,1.60,1.10
2010.03.15 01:20:00.391,7.0616,7.06635,1.00,1.10
2010.03.15 01:20:00.688,7.0616,7.0667,1.00,2.20
2010.03.15 01:20:17.099,7.0613,7.06635,1.60,1.10
2010.03.15 01:20:21.816,7.0613,7.0664,1.60,1.00
2010.03.15 01:20:21.957,7.0613,7.0665,1.60,1.10
2010.03.15 01:20:32.255,7.0613,7.0664,1.60,1.00
2010.03.15 01:20:32.345,7.0613,7.0663,1.60,1.10
2010.03.15 01:20:33.056,7.0613,7.0665,1.60,1.10
2010.03.15 01:20:48.439,7.0613,7.06635,1.60,1.10
2010.03.15 01:21:04.942,7.0613,7.0663,1.60,1.00
2010.03.15 01:21:17.703,7.0615,7.0667,1.00,1.10
2010.03.15 01:21:18.040,7.0613,7.0667,1.60,1.20
2010.03.15 01:21:18.453,7.0613,7.06655,1.60,1.10
2010.03.15 01:21:20.803,7.0613,7.0663,1.60,1.00
2010.03.15 01:21:31.102,7.0613,7.06655,1.60,1.10
2010.03.15 01:21:39.942,7.0613,7.0663,1.60,1.00
2010.03.15 01:21:40.364,7.0613,7.0662,1.60,1.00
2010.03.15 01:21:44.167,7.0613,7.0663,1.60,1.00
2010.03.15 01:21:44.347,7.0613,7.0662,1.60,1.00
2010.03.15 01:21:45.707,7.0613,7.0663,1.60,1.00
2010.03.15 01:21:47.760,7.0613,7.0662,1.60,1.00
2010.03.15 01:21:48.107,7.0613,7.06605,1.60,1.10
2010.03.15 01:21:51.060,7.0613,7.0658,1.60,1.10
2010.03.15 01:21:51.370,7.0613,7.06605,1.60,2.70
2010.03.15 01:21:51.497,7.0613,7.0658,1.60,1.30
2010.03.15 01:21:51.717,7.0613,7.0658,1.60,1.10
2010.03.15 01:21:51.937,7.0613,7.06605,1.60,1.10
2010.03.15 01:21:52.276,7.0613,7.0658,1.60,1.00
2010.03.15 01:21:52.618,7.0613,7.06605,1.60,1.10
2010.03.15 01:22:00.854,7.0613,7.0662,1.60,1.10
2010.03.15 01:22:03.658,7.0613,7.06605,1.60,1.10
2010.03.15 01:22:07.175,7.0608,7.06605,1.00,1.10
2010.03.15 01:22:07.315,7.0606,7.06605,1.00,1.10
2010.03.15 01:22:07.903,7.06115,7.0667,1.00,2.40
2010.03.15 01:22:08.544,7.06115,7.0664,1.00,1.00
2010.03.15 01:22:08.953,7.0618,7.0664,1.00,1.00
2010.03.15 01:22:09.672,7.0622,7.0671,1.00,2.70
2010.03.15 01:22:09.891,7.0621,7.0668,1.00,1.00
2010.03.15 01:22:10.534,7.0624,7.0671,1.00,1.10
2010.03.15 01:22:10.761,7.0625,7.0672,1.00,1.30
2010.03.15 01:22:10.980,7.0623,7.0668,1.00,1.00
2010.03.15 01:22:11.413,7.0625,7.0671,1.00,1.10
2010.03.15 01:22:11.931,7.0623,7.0668,1.00,1.00
2010.03.15 01:22:12.300,7.06245,7.0671,1.00,1.10
2010.03.15 01:22:12.568,7.0623,7.0668,1.00,1.00
2010.03.15 01:22:15.430,7.062,7.0667,1.00,1.00
2010.03.15 01:22:15.653,7.062,7.0667,1.00,1.00
2010.03.15 01:22:19.059,7.0621,7.0671,1.00,1.00
2010.03.15 01:22:19.348,7.0625,7.0672,1.00,1.00
2010.03.15 01:22:19.892,7.0623,7.0668,1.00,1.00
2010.03.15 01:22:20.245,7.062,7.0667,1.00,1.00
2010.03.15 01:22:20.593,7.0621,7.0671,1.00,1.30
2010.03.15 01:22:27.847,7.062,7.067,1.00,1.00
2010.03.15 01:22:28.188,7.062,7.067,1.00,1.00
2010.03.15 01:22:30.097,7.0624,7.0671,1.00,1.00
2010.03.15 01:22:30.288,7.0624,7.0671,1.00,1.00
2010.03.15 01:22:41.614,7.0623,7.0668,1.00,1.00
2010.03.15 01:22:44.085,7.0624,7.0671,1.00,1.00
2010.03.15 01:22:44.179,7.0623,7.0668,1.00,1.00
2010.03.15 01:22:45.584,7.0619,7.0666,1.00,1.00
2010.03.15 01:22:49.419,7.062,7.0669,1.00,1.10
2010.03.15 01:22:51.452,7.0619,7.0666,1.00,1.00
2010.03.15 01:22:52.061,7.0617,7.0662,1.00,1.00
2010.03.15 01:22:52.319,7.0619,7.0666,1.00,1.00
2010.03.15 01:22:54.233,7.0617,7.0662,1.00,1.00
2010.03.15 01:22:54.421,7.0619,7.0666,1.00,1.00
2010.03.15 01:22:54.547,7.0617,7.0662,1.00,1.00
2010.03.15 01:22:55.246,7.0619,7.0666,1.00,1.00
2010.03.15 01:22:55.571,7.0619,7.0666,1.00,1.00
2010.03.15 01:22:55.892,7.0617,7.0662,1.00,1.00
2010.03.15 01:22:56.334,7.0619,7.0666,1.00,1.00
2010.03.15 01:22:56.593,7.0617,7.0662,1.00,1.00
2010.03.15 01:22:57.953,7.0619,7.0666,1.00,1.00
2010.03.15 01:23:01.512,7.0617,7.0662,1.00,1.00
2010.03.15 01:23:01.980,7.0619,7.0666,1.00,1.00
2010.03.15 01:23:10.720,7.062,7.067,1.00,1.00
2010.03.15 01:23:12.829,7.0619,7.0666,1.00,1.00
2010.03.15 01:23:13.476,7.0619,7.0666,1.70,1.00
2010.03.15 01:23:13.820,7.06215,7.0667,1.00,1.00
2010.03.15 01:23:14.513,7.06195,7.0663,1.00,1.00
2010.03.15 01:23:14.838,7.0628,7.0667,1.00,1.00
2010.03.15 01:23:15.205,7.0627,7.0663,1.00,1.00
2010.03.15 01:23:15.865,7.0631,7.0663,1.00,1.00
2010.03.15 01:23:16.545,7.0632,7.0667,1.00,1.00
2010.03.15 01:23:16.684,7.0633,7.0667,1.00,1.00
2010.03.15 01:23:18.515,7.0632,7.0663,1.00,1.00
2010.03.15 01:23:18.755,7.0632,7.0663,1.00,1.00
2010.03.15 01:23:20.744,7.0633,7.0667,1.00,1.00
2010.03.15 01:23:20.943,7.0633,7.0667,1.00,1.00
2010.03.15 01:23:21.132,7.0632,7.0663,1.00,1.00
2010.03.15 01:23:21.325,7.0633,7.0667,1.00,1.00
2010.03.15 01:23:22.548,7.0632,7.0663,1.00,1.00
2010.03.15 01:23:22.749,7.0633,7.0667,1.00,1.00
2010.03.15 01:23:23.000,7.0633,7.0667,1.00,1.00
2010.03.15 01:23:26.193,7.0632,7.0663,1.00,1.00
2010.03.15 01:23:26.521,7.0633,7.0667,1.00,1.00
2010.03.15 01:23:26.851,7.0632,7.0663,1.00,1.00
2010.03.15 01:23:27.742,7.0633,7.0667,1.00,1.00
2010.03.15 01:23:27.838,7.0633,7.0667,1.00,1.00
2010.03.15 01:23:28.183,7.0632,7.0663,1.00,1.00
2010.03.15 01:23:28.521,7.0633,7.0667,1.00,1.00
2010.03.15 01:23:28.861,7.0632,7.0663,1.00,1.00
2010.03.15 01:23:28.971,7.0633,7.0667,1.00,1.00
2010.03.15 01:23:29.081,7.0632,7.0663,1.00,1.00
2010.03.15 01:23:29.418,7.0633,7.0667,1.00,1.00
2010.03.15 01:23:30.144,7.0632,7.0663,1.00,1.00
2010.03.15 01:23:34.288,7.0633,7.0667,1.00,1.00
2010.03.15 01:23:35.428,7.0632,7.0663,1.00,1.00
2010.03.15 01:23:35.872,7.0633,7.0667,1.00,1.00
2010.03.15 01:23:36.079,7.0632,7.0663,1.00,1.00
2010.03.15 01:23:38.186,7.0627,7.0658,1.00,1.00
2010.03.15 01:23:38.762,7.0628,7.0662,1.00,1.00
2010.03.15 01:23:39.113,7.0627,7.0658,1.00,1.00
2010.03.15 01:23:39.462,7.0628,7.0662,1.00,1.00
2010.03.15 01:23:51.400,7.0627,7.0658,1.00,1.00
2010.03.15 01:23:51.567,7.0627,7.0658,1.00,1.00
2010.03.15 01:23:51.827,7.0628,7.0662,1.00,1.00
2010.03.15 01:23:52.116,7.0627,7.0658,1.00,1.00
2010.03.15 01:23:52.386,7.0628,7.0662,1.00,1.00
2010.03.15 01:23:54.310,7.0624,7.0661,1.00,1.00
2010.03.15 01:23:54.516,7.0623,7.0657,1.00,1.00
2010.03.15 01:23:55.035,7.0624,7.0661,1.00,1.00
2010.03.15 01:23:59.086,7.0623,7.0657,1.00,1.00
2010.03.15 01:23:59.277,7.0624,7.0661,1.00,1.00
2010.03.15 01:23:59.468,7.0628,7.0662,1.00,1.00
2010.03.15 01:23:59.658,7.0627,7.0658,1.00,1.00
2010.03.15 01:23:59.878,7.0627,7.0658,1.00,1.00
2010.03.15 01:24:00.514,7.0623,7.0657,1.00,1.00
2010.03.15 01:24:02.907,7.0624,7.0661,1.00,1.00
2010.03.15 01:24:03.157,7.0623,7.0657,1.00,1.00
2010.03.15 01:24:03.406,7.0624,7.0661,1.00,1.00
2010.03.15 01:24:04.451,7.0623,7.0657,1.00,1.00
2010.03.15 01:24:04.765,7.0624,7.0661,1.00,1.00
2010.03.15 01:24:05.002,7.0623,7.0657,1.00,1.00
2010.03.15 01:24:05.344,7.0627,7.0658,1.00,1.00
2010.03.15 01:24:05.684,7.0623,7.0657,1.00,1.00
2010.03.15 01:24:06.825,7.0624,7.0661,1.00,1.00
2010.03.15 01:24:07.164,7.0623,7.0657,1.00,1.00
2010.03.15 01:24:07.884,7.0624,7.0661,1.00,1.00
2010.03.15 01:24:13.209,7.0623,7.0657,1.00,1.00
2010.03.15 01:24:13.674,7.0626,7.0657,1.00,1.00
2010.03.15 01:24:16.770,7.0627,7.0661,1.00,1.00
2010.03.15 01:24:20.110,7.0626,7.0657,1.00,1.00
2010.03.15 01:24:24.097,7.0621,7.0652,1.00,1.00
2010.03.15 01:24:24.632,7.0622,7.0656,1.00,1.00
2010.03.15 01:24:25.850,7.0626,7.0657,1.00,1.00
2010.03.15 01:24:26.413,7.0621,7.0652,1.00,1.00
2010.03.15 01:24:33.785,7.0617,7.0651,1.00,1.00
2010.03.15 01:24:34.138,7.0624,7.0657,1.00,1.00
2010.03.15 01:24:34.480,7.0615,7.0651,1.00,1.00
2010.03.15 01:24:34.759,7.062,7.0656,1.00,1.00
2010.03.15 01:24:35.038,7.0616,7.0655,1.00,1.00
2010.03.15 01:24:35.929,7.0617,7.0651,1.00,1.00
2010.03.15 01:24:52.451,7.0621,7.0652,1.00,1.00
2010.03.15 01:24:52.644,7.0617,7.0651,1.00,1.00
2010.03.15 01:24:58.903,7.0611,7.0644,1.00,1.00
2010.03.15 01:24:59.252,7.0613,7.0652,1.00,1.00
2010.03.15 01:25:01.772,7.0617,7.0651,1.00,1.00
2010.03.15 01:25:02.554,7.0613,7.065,1.00,1.00
2010.03.15 01:25:03.241,7.0617,7.0651,1.00,1.00
2010.03.15 01:25:06.273,7.0616,7.0647,1.00,1.00
2010.03.15 01:25:11.940,7.0617,7.0651,1.00,1.00
2010.03.15 01:25:12.267,7.0617,7.0651,1.00,1.00
2010.03.15 01:25:14.618,7.0616,7.0647,1.00,1.00
2010.03.15 01:25:16.248,7.06165,7.0651,1.00,1.00
2010.03.15 01:25:18.208,7.0616,7.0647,1.00,1.00
2010.03.15 01:25:33.283,7.0617,7.0651,1.00,1.00
2010.03.15 01:25:33.419,7.0617,7.0651,1.00,1.00
2010.03.15 01:25:34.563,7.0618,7.0655,1.00,1.00
2010.03.15 01:25:38.145,7.0617,7.0651,1.00,1.00
2010.03.15 01:25:38.492,7.0617,7.0651,1.00,1.00
2010.03.15 01:25:41.892,7.0621,7.0652,1.00,1.00
2010.03.15 01:25:42.373,7.0617,7.0651,1.00,1.00
2010.03.15 01:25:42.682,7.0621,7.0652,1.00,1.00
2010.03.15 01:25:46.797,7.0617,7.0651,1.00,1.00
2010.03.15 01:25:56.755,7.0616,7.065,1.00,1.00
2010.03.15 01:25:57.147,7.062,7.0651,1.00,1.00
2010.03.15 01:26:00.284,7.0616,7.065,1.00,1.00
2010.03.15 01:26:00.414,7.0616,7.065,1.00,1.00
2010.03.15 01:26:01.095,7.062,7.0651,1.00,1.00
2010.03.15 01:26:01.431,7.0616,7.065,1.00,1.00
2010.03.15 01:26:03.447,7.0617,7.0651,1.00,1.00
2010.03.15 01:26:10.554,7.0613,7.065,1.00,1.00
2010.03.15 01:26:11.494,7.0612,7.0646,1.00,1.00
2010.03.15 01:26:17.884,7.0608,7.0645,1.00,1.00
2010.03.15 01:26:20.483,7.0615,7.0651,1.00,1.00
2010.03.15 01:26:20.767,7.0615,7.0651,1.00,1.00
2010.03.15 01:26:20.897,7.0619,7.0652,1.00,1.00
2010.03.15 01:26:21.793,7.0622,7.0656,1.00,1.00
2010.03.15 01:26:24.020,7.0626,7.0657,1.00,1.00
2010.03.15 01:26:24.271,7.0626,7.0657,1.00,1.00
2010.03.15 01:26:24.486,7.0622,7.0656,1.00,1.00
2010.03.15 01:26:26.450,7.0617,7.0651,1.00,1.00
2010.03.15 01:26:29.641,7.0616,7.0647,1.00,1.00
2010.03.15 01:26:29.936,7.0612,7.0646,1.00,1.00
2010.03.15 01:26:30.094,7.0612,7.0646,1.00,1.00
2010.03.15 01:26:37.317,7.06155,7.0647,1.00,1.00
2010.03.15 01:26:45.188,7.0617,7.0651,1.00,1.00
2010.03.15 01:26:47.260,7.0621,7.0652,1.00,1.00
2010.03.15 01:26:50.973,7.0617,7.0651,1.00,1.00
2010.03.15 01:27:35.859,7.0616,7.0647,1.00,1.00
2010.03.15 01:27:38.044,7.0617,7.0651,1.00,1.00
2010.03.15 01:27:51.221,7.0621,7.0652,1.00,1.00
2010.03.15 01:28:08.635,7.0617,7.0651,1.00,1.00
2010.03.15 01:28:09.225,7.0612,7.0646,1.00,1.00
2010.03.15 01:28:09.568,7.0611,7.0642,1.00,1.00
2010.03.15 01:28:09.920,7.0607,7.06415,1.00,1.00
2010.03.15 01:28:11.406,7.0606,7.0637,1.00,1.00
2010.03.15 01:28:11.716,7.0607,7.0641,1.00,1.00
2010.03.15 01:28:12.835,7.0611,7.0642,1.00,1.00
2010.03.15 01:28:13.535,7.0607,7.0641,1.00,1.00
2010.03.15 01:28:14.213,7.0611,7.0642,1.00,1.00
2010.03.15 01:28:14.556,7.0607,7.0641,1.00,1.00
2010.03.15 01:28:15.536,7.0611,7.0642,1.00,1.00
2010.03.15 01:28:15.875,7.0607,7.0641,1.00,1.00
2010.03.15 01:28:16.052,7.0611,7.0642,1.00,1.00
2010.03.15 01:28:17.026,7.0607,7.0641,1.00,1.00
2010.03.15 01:28:17.584,7.0611,7.0642,1.00,1.00
2010.03.15 01:28:17.781,7.061,7.0642,1.00,1.00
2010.03.15 01:28:18.602,7.0605,7.0637,1.00,1.00
2010.03.15 01:28:18.932,7.0605,7.0637,1.00,1.00
2010.03.15 01:28:19.742,7.0605,7.0634,1.00,1.00
2010.03.15 01:28:20.035,7.0605,7.0633,1.00,1.00
2010.03.15 01:28:20.329,7.0601,7.0632,1.00,1.00
2010.03.15 01:28:21.364,7.0605,7.0633,1.00,1.00
2010.03.15 01:28:22.445,7.0606,7.0637,1.00,1.00
2010.03.15 01:28:28.862,7.061,7.0638,1.00,1.00
2010.03.15 01:28:39.720,7.0615,7.0643,1.00,1.00
2010.03.15 01:28:39.954,7.0617,7.0648,1.00,1.00
2010.03.15 01:28:40.191,7.0624,7.0654,1.00,1.70
2010.03.15 01:28:40.545,7.0629,7.0659,1.00,1.00
2010.03.15 01:28:40.895,7.0624,7.0654,1.00,1.00
2010.03.15 01:28:41.346,7.0627,7.0658,1.00,1.00
2010.03.15 01:28:41.689,7.0626,7.0654,1.00,1.00
2010.03.15 01:28:42.042,7.0621,7.0649,1.00,1.00
2010.03.15 01:28:42.514,7.0622,7.0653,1.00,1.00
2010.03.15 01:28:46.375,7.0621,7.06495,1.00,1.00
2010.03.15 01:28:47.020,7.0617,7.0648,1.00,1.00
2010.03.15 01:28:48.946,7.0621,7.0649,1.00,1.00
2010.03.15 01:28:53.122,7.0617,7.0648,1.00,1.00
2010.03.15 01:29:03.110,7.0618,7.0651,1.00,1.00
2010.03.15 01:29:03.316,7.0617,7.0648,1.00,1.00
2010.03.15 01:29:03.589,7.0621,7.0649,1.00,1.00
2010.03.15 01:29:08.862,7.0622,7.0653,1.00,1.00
2010.03.15 01:29:09.215,7.0626,7.0654,1.00,1.00
2010.03.15 01:29:10.350,7.0622,7.0653,1.00,1.00
2010.03.15 01:29:13.079,7.0622,7.0656,1.00,1.00
2010.03.15 01:29:14.080,7.0621,7.0652,1.00,1.00
2010.03.15 01:29:19.603,7.0617,7.0651,1.00,1.00
2010.03.15 01:29:21.450,7.0617,7.0655,1.00,1.00
2010.03.15 01:29:30.485,7.0614,7.0654,1.00,1.00
2010.03.15 01:29:30.971,7.0613,7.0653,1.70,1.00
2010.03.15 01:29:31.577,7.0617,7.0655,1.00,1.00
2010.03.15 01:29:34.116,7.0618,7.066,1.00,1.00
2010.03.15 01:29:35.824,7.0625,7.066,1.00,1.00
2010.03.15 01:29:36.575,7.0627,7.066,1.00,1.00
2010.03.15 01:30:24.316,7.0631,7.0661,1.00,1.00
2010.03.15 01:30:24.797,7.0627,7.066,1.00,1.00
2010.03.15 01:31:12.066,7.0626,7.0656,1.00,1.00
2010.03.15 01:31:15.261,7.0622,7.0655,1.00,1.00
2010.03.15 01:31:17.895,7.0621,7.0651,1.00,1.00
2010.03.15 01:31:20.803,7.0622,7.0655,1.00,1.00
2010.03.15 01:31:21.072,7.0626,7.0656,1.00,1.00
2010.03.15 01:31:21.421,7.0623,7.0658,1.00,1.00
2010.03.15 01:31:30.277,7.0627,7.066,1.00,1.00
2010.03.15 01:31:30.446,7.0627,7.066,1.00,1.00
2010.03.15 01:31:32.302,7.0626,7.0659,1.00,1.00
2010.03.15 01:31:42.999,7.063,7.066,1.00,1.00
2010.03.15 01:31:45.724,7.0631,7.0664,1.00,1.00
2010.03.15 01:31:46.298,7.063,7.066,1.00,1.00
2010.03.15 01:32:23.794,7.0628,7.066,1.00,1.00
2010.03.15 01:32:24.644,7.0629,7.0659,1.00,1.00
2010.03.15 01:32:31.513,7.0619,7.0659,1.00,1.00
2010.03.15 01:32:32.582,7.0621,7.0653,1.00,1.00
2010.03.15 01:32:33.671,7.0621,7.0652,1.00,1.00
2010.03.15 01:32:35.706,7.0617,7.0651,1.00,1.00
2010.03.15 01:32:38.454,7.0621,7.0652,1.00,1.00
2010.03.15 01:32:38.871,7.0617,7.0651,1.00,1.00
2010.03.15 01:32:39.080,7.0617,7.0651,1.00,1.00
2010.03.15 01:32:42.818,7.0621,7.0652,1.00,1.00
2010.03.15 01:32:45.130,7.0618,7.0649,1.00,1.00
2010.03.15 01:32:45.798,7.0621,7.0652,1.00,1.00
2010.03.15 01:32:45.913,7.0621,7.0652,1.00,1.00
2010.03.15 01:32:46.019,7.0618,7.0649,1.00,1.00
2010.03.15 01:32:47.405,7.0621,7.0652,1.00,1.00
2010.03.15 01:32:50.597,7.0629,7.0664,1.00,1.00
2010.03.15 01:32:50.963,7.0629,7.0664,1.00,1.00
2010.03.15 01:32:51.076,7.0629,7.0664,1.00,1.00
2010.03.15 01:32:51.959,7.0627,7.0661,1.00,1.00
2010.03.15 01:32:52.758,7.0626,7.0657,1.00,1.00
2010.03.15 01:32:53.177,7.0626,7.0657,1.00,1.00
2010.03.15 01:33:02.624,7.0631,7.0662,1.00,1.00
2010.03.15 01:33:02.908,7.0627,7.06615,1.00,1.00
2010.03.15 01:33:13.141,7.0626,7.0657,1.00,1.00
2010.03.15 01:33:41.867,7.0621,7.0655,1.00,1.00
2010.03.15 01:33:42.096,7.0626,7.0657,1.00,1.00
2010.03.15 01:33:42.802,7.0621,7.0655,1.00,1.00
2010.03.15 01:33:43.113,7.0621,7.0655,1.00,1.00
2010.03.15 01:34:27.251,7.0626,7.0657,1.00,1.00
2010.03.15 01:34:41.693,7.0625,7.0656,1.00,1.00
2010.03.15 01:35:02.936,7.0626,7.0657,1.00,1.00
2010.03.15 01:35:08.763,7.0625,7.0656,1.00,1.00
2010.03.15 01:35:09.196,7.0626,7.0657,1.00,1.00
2010.03.15 01:35:37.675,7.0621,7.0655,1.00,1.00
2010.03.15 01:35:38.397,7.062,7.0651,1.00,1.00
2010.03.15 01:35:38.685,7.062,7.0651,1.00,1.00
2010.03.15 01:36:20.351,7.0615,7.0646,1.00,1.00
2010.03.15 01:36:20.629,7.0611,7.0645,1.00,1.00
2010.03.15 01:36:35.320,7.061,7.0641,1.00,1.00
2010.03.15 01:36:35.789,7.0611,7.0645,1.00,1.00
2010.03.15 01:36:50.435,7.0612,7.0649,1.00,1.00
2010.03.15 01:37:01.106,7.0611,7.0645,1.00,1.00
2010.03.15 01:37:01.342,7.0612,7.0649,1.00,1.00
2010.03.15 01:37:05.068,7.061,7.0643,1.00,1.00
2010.03.15 01:37:08.246,7.0611,7.0645,1.00,1.00
2010.03.15 01:37:08.472,7.0615,7.0646,1.00,1.00
2010.03.15 01:37:08.689,7.0616,7.065,1.00,1.00
2010.03.15 01:37:09.277,7.0612,7.0649,1.00,1.00
2010.03.15 01:37:14.171,7.0611,7.0645,1.00,1.00
2010.03.15 01:37:37.758,7.061,7.0641,1.00,1.00
2010.03.15 01:37:41.909,7.0606,7.064,1.00,1.00
2010.03.15 01:37:42.493,7.0605,7.0636,1.00,1.00
2010.03.15 01:37:43.181,7.0606,7.064,1.00,1.00
2010.03.15 01:37:44.988,7.0605,7.0636,1.00,1.00
2010.03.15 01:37:45.537,7.0606,7.064,1.00,1.00
2010.03.15 01:37:46.868,7.0605,7.0636,1.00,1.00
2010.03.15 01:37:47.424,7.0606,7.064,1.00,1.00
2010.03.15 01:37:48.291,7.0605,7.0636,1.00,1.00
2010.03.15 01:37:48.716,7.0606,7.064,1.00,1.00
2010.03.15 01:37:49.428,7.0605,7.0636,1.00,1.00
2010.03.15 01:37:50.219,7.0606,7.064,1.00,1.00
2010.03.15 01:37:50.967,7.0605,7.0636,1.00,1.00
2010.03.15 01:37:52.206,7.0606,7.064,1.00,1.00
2010.03.15 01:37:52.857,7.0605,7.0636,1.00,1.00
2010.03.15 01:37:59.273,7.06,7.0634,1.00,1.00
2010.03.15 01:38:05.445,7.0605,7.0636,1.00,1.00
2010.03.15 01:38:05.853,7.06,7.0634,1.00,1.00
2010.03.15 01:38:08.264,7.0605,7.0636,1.00,1.00
2010.03.15 01:38:08.409,7.06,7.0634,1.00,1.00
2010.03.15 01:38:08.555,7.0605,7.0636,1.00,1.00
2010.03.15 01:38:08.706,7.06,7.0634,1.00,1.00
2010.03.15 01:38:09.915,7.0605,7.0636,1.00,1.00
2010.03.15 01:38:21.799,7.06,7.0634,1.00,1.00
2010.03.15 01:38:36.185,7.0599,7.063,1.00,1.00
2010.03.15 01:38:36.325,7.06,7.0634,1.00,1.00
2010.03.15 01:38:42.875,7.0605,7.0636,1.00,1.00
2010.03.15 01:38:58.170,7.061,7.0641,1.00,1.00
2010.03.15 01:38:58.421,7.061,7.0641,1.00,1.00
2010.03.15 01:38:58.571,7.0606,7.064,1.00,1.00
2010.03.15 01:39:00.693,7.0605,7.0636,1.00,1.00
2010.03.15 01:39:00.987,7.0605,7.0636,1.00,1.00
2010.03.15 01:39:01.112,7.0606,7.064,1.00,1.00
2010.03.15 01:39:01.358,7.0605,7.0636,1.00,1.00
2010.03.15 01:39:02.440,7.06,7.0634,1.00,1.00
2010.03.15 01:39:02.787,7.06,7.0634,1.00,1.00
2010.03.15 01:39:03.128,7.0605,7.0636,1.00,1.00
2010.03.15 01:39:03.467,7.06,7.0634,1.00,1.00
2010.03.15 01:39:03.807,7.0605,7.0636,1.00,1.00
2010.03.15 01:39:04.405,7.06,7.0634,1.00,1.00
2010.03.15 01:39:04.631,7.0605,7.0636,1.00,1.00
2010.03.15 01:39:05.978,7.06,7.0634,1.00,1.00
2010.03.15 01:39:06.035,7.0606,7.064,1.00,1.00
2010.03.15 01:39:06.159,7.0606,7.064,1.00,1.00
2010.03.15 01:39:06.228,7.0607,7.0644,1.00,1.00
2010.03.15 01:39:07.128,7.0605,7.0638,1.00,1.00
2010.03.15 01:39:07.470,7.0607,7.0646,1.00,1.00
2010.03.15 01:39:08.734,7.0605,7.0638,1.00,1.00
2010.03.15 01:39:09.165,7.0606,7.0642,1.00,1.00
2010.03.15 01:39:09.590,7.0611,7.0647,1.00,1.00
2010.03.15 01:39:09.943,7.0607,7.0644,1.00,1.00
2010.03.15 01:39:11.414,7.0606,7.064,1.00,1.00
2010.03.15 01:39:13.598,7.061,7.0641,1.00,1.00
2010.03.15 01:39:13.799,7.0606,7.064,1.00,1.00
2010.03.15 01:39:13.900,7.0606,7.064,1.00,1.00
2010.03.15 01:39:14.627,7.061,7.0641,1.00,1.00
2010.03.15 01:39:14.975,7.061,7.0641,1.00,1.00
2010.03.15 01:39:15.314,7.0606,7.064,1.00,1.00
2010.03.15 01:39:15.722,7.061,7.0641,1.00,1.00
2010.03.15 01:39:15.896,7.0606,7.064,1.00,1.00
2010.03.15 01:39:17.275,7.061,7.0641,1.00,1.00
2010.03.15 01:39:17.829,7.0606,7.064,1.00,1.00
2010.03.15 01:39:18.474,7.061,7.0641,1.00,1.00
2010.03.15 01:39:18.672,7.061,7.0641,1.00,1.00
2010.03.15 01:39:18.872,7.0606,7.064,1.00,1.00
2010.03.15 01:39:22.115,7.0602,7.0639,1.00,1.00
2010.03.15 01:39:27.131,7.0606,7.064,1.00,1.00
2010.03.15 01:39:27.261,7.0606,7.064,1.00,1.00
2010.03.15 01:39:31.786,7.0602,7.0639,1.00,1.00
2010.03.15 01:39:32.010,7.0602,7.0639,1.00,1.00
2010.03.15 01:39:33.364,7.0606,7.064,1.00,1.00
2010.03.15 01:39:38.033,7.06,7.0634,1.00,1.00
2010.03.15 01:39:38.200,7.0605,7.0636,1.00,1.00
2010.03.15 01:39:38.459,7.06,7.06345,1.00,1.00
2010.03.15 01:39:38.719,7.0605,7.0636,1.00,1.00
2010.03.15 01:39:39.620,7.06,7.0634,1.00,1.00
2010.03.15 01:39:46.201,7.0605,7.0636,1.00,1.00
2010.03.15 01:39:46.323,7.06,7.0634,1.00,1.00
2010.03.15 01:40:03.614,7.0606,7.064,1.00,1.00
2010.03.15 01:40:03.765,7.0602,7.0639,1.00,1.00
2010.03.15 01:40:06.651,7.0606,7.064,1.00,1.00
2010.03.15 01:40:18.661,7.061,7.0641,1.00,1.00
2010.03.15 01:40:18.870,7.0606,7.064,1.00,1.00
2010.03.15 01:40:19.195,7.061,7.0641,1.00,1.00
2010.03.15 01:40:19.341,7.0606,7.064,1.00,1.00
2010.03.15 01:40:22.966,7.061,7.0641,1.00,1.00
2010.03.15 01:40:23.552,7.0606,7.064,1.00,1.00
2010.03.15 01:40:29.090,7.0607,7.0644,1.00,1.00
2010.03.15 01:41:02.953,7.0611,7.0645,1.00,1.00
2010.03.15 01:41:19.794,7.0612,7.0646,1.00,1.00
2010.03.15 01:41:22.560,7.0613,7.065,1.00,1.70
2010.03.15 01:41:24.816,7.0617,7.065,1.00,1.60
2010.03.15 01:41:29.933,7.0621,7.065,1.00,1.60
2010.03.15 01:41:30.422,7.0622,7.0656,1.00,1.00
2010.03.15 01:41:58.464,7.0623,7.0657,1.00,1.00
2010.03.15 01:42:01.768,7.0622,7.0653,1.00,1.00
2010.03.15 01:42:15.132,7.0618,7.0652,1.00,1.00
2010.03.15 01:42:15.305,7.0618,7.0652,1.00,1.00
2010.03.15 01:42:15.804,7.0617,7.0651,1.00,1.00
2010.03.15 01:42:18.187,7.0621,7.0652,1.00,1.00
2010.03.15 01:42:20.337,7.0622,7.0653,1.00,1.00
2010.03.15 01:42:24.529,7.0621,7.0652,1.00,1.00
2010.03.15 01:42:30.126,7.0622,7.0653,1.00,1.00
2010.03.15 01:42:30.462,7.0619,7.065,1.00,1.00
2010.03.15 01:42:30.802,7.0618,7.0652,1.00,1.00
2010.03.15 01:42:32.687,7.0622,7.0653,1.00,1.00
2010.03.15 01:42:43.832,7.0621,7.0652,1.00,1.00
2010.03.15 01:42:46.650,7.0627,7.0658,1.00,1.00
2010.03.15 01:42:46.902,7.0627,7.0658,1.00,1.00
2010.03.15 01:42:47.647,7.0622,7.0656,1.00,1.00
2010.03.15 01:42:51.066,7.0621,7.0652,1.00,1.00
2010.03.15 01:43:01.948,7.0617,7.0651,1.00,1.00
2010.03.15 01:43:02.742,7.0621,7.0652,1.00,1.00
2010.03.15 01:43:03.341,7.0617,7.0651,1.00,1.00
2010.03.15 01:43:03.997,7.0621,7.0652,1.00,1.00
2010.03.15 01:43:10.914,7.06265,7.0658,1.00,1.00
2010.03.15 01:43:11.406,7.0628,7.0662,1.00,1.00
2010.03.15 01:43:11.553,7.0627,7.0658,1.00,1.00
2010.03.15 01:43:12.178,7.0628,7.0662,1.00,1.00
2010.03.15 01:43:14.849,7.0628,7.0662,1.00,1.00
2010.03.15 01:43:15.056,7.0628,7.0662,1.00,1.00
2010.03.15 01:43:15.399,7.0627,7.0658,1.00,1.00
2010.03.15 01:43:16.327,7.0628,7.0662,1.00,1.00
2010.03.15 01:43:16.665,7.0627,7.0658,1.00,1.00
2010.03.15 01:43:18.338,7.0628,7.0662,1.00,1.00
2010.03.15 01:43:18.828,7.0627,7.0658,1.00,1.00
2010.03.15 01:43:21.845,7.0628,7.0662,1.00,1.00
2010.03.15 01:43:23.001,7.0627,7.0658,1.00,1.00
2010.03.15 01:43:23.187,7.0627,7.0658,1.00,1.00
2010.03.15 01:43:23.333,7.0628,7.0662,1.00,1.00
2010.03.15 01:43:41.033,7.0627,7.0658,1.00,1.00
2010.03.15 01:43:41.252,7.0627,7.0658,1.00,1.00
2010.03.15 01:43:53.590,7.0632,7.0663,1.00,1.00
2010.03.15 01:43:53.823,7.0628,7.0662,1.00,1.00
2010.03.15 01:44:11.667,7.0627,7.0658,1.00,1.00
2010.03.15 01:44:11.925,7.0628,7.0662,1.00,1.00
2010.03.15 01:44:12.183,7.0628,7.0662,1.00,1.00
2010.03.15 01:44:13.974,7.0627,7.0658,1.00,1.00
2010.03.15 01:44:27.353,7.0628,7.0662,1.00,1.00
2010.03.15 01:44:28.561,7.0627,7.0658,1.00,1.00
2010.03.15 01:44:28.892,7.0628,7.0662,1.00,1.00
2010.03.15 01:44:29.518,7.0627,7.0658,1.00,1.00
2010.03.15 01:44:29.722,7.0632,7.0663,1.00,1.00
2010.03.15 01:44:29.930,7.0628,7.0662,1.00,1.00
2010.03.15 01:45:30.052,7.0627,7.0658,1.00,1.00
2010.03.15 01:45:30.580,7.0622,7.0656,1.00,1.00
2010.03.15 01:46:01.497,7.0624,7.0661,1.00,1.00
2010.03.15 01:46:33.321,7.0628,7.0662,1.00,1.00
2010.03.15 01:46:33.479,7.0628,7.0662,1.00,1.00
2010.03.15 01:46:34.510,7.0629,7.0666,1.00,1.00
2010.03.15 01:46:38.449,7.0628,7.0662,1.00,1.00
2010.03.15 01:46:44.273,7.0624,7.0661,1.00,1.00
2010.03.15 01:46:55.124,7.0628,7.0662,1.00,1.00
2010.03.15 01:47:03.234,7.0625,7.0662,1.00,1.00
2010.03.15 01:47:09.658,7.0623,7.066,1.00,1.00
2010.03.15 01:47:11.692,7.0627,7.0661,1.00,1.00
2010.03.15 01:47:29.996,7.0631,7.0662,1.00,1.00
2010.03.15 01:47:30.130,7.0632,7.0666,1.00,1.00
2010.03.15 01:47:36.577,7.0637,7.0671,1.00,1.00
2010.03.15 01:47:36.828,7.0637,7.0671,1.00,1.00
2010.03.15 01:47:39.118,7.0641,7.0672,1.00,1.00
2010.03.15 01:47:40.779,7.0642,7.0673,1.00,1.00
2010.03.15 01:47:41.123,7.0642,7.0673,1.00,1.00
2010.03.15 01:47:43.403,7.0637,7.0668,1.00,1.00
2010.03.15 01:47:43.629,7.0637,7.0668,1.00,1.00
2010.03.15 01:47:43.853,7.0637,7.0668,1.00,1.00
2010.03.15 01:47:44.074,7.0638,7.0672,1.00,1.00
2010.03.15 01:47:59.572,7.0638,7.0676,1.00,1.00
2010.03.15 01:48:03.018,7.0642,7.0677,1.00,1.00
2010.03.15 01:48:16.259,7.0643,7.0688,1.00,1.60
2010.03.15 01:48:17.715,7.0644,7.0686,1.00,1.60
2010.03.15 01:48:20.054,7.0649,7.0686,1.00,1.60
2010.03.15 01:48:20.206,7.0649,7.0686,1.00,1.60
2010.03.15 01:48:20.441,7.0649,7.0692,1.00,1.10
2010.03.15 01:48:20.789,7.0654,7.06945,1.00,1.60
2010.03.15 01:48:20.960,7.0654,7.06975,1.00,1.10
2010.03.15 01:48:21.556,7.065,7.0696,1.00,1.10
2010.03.15 01:48:23.976,7.0649,7.0694,1.00,1.10
2010.03.15 01:48:26.541,7.0649,7.0693,1.00,1.60
2010.03.15 01:48:26.673,7.0647,7.06905,1.60,1.10
2010.03.15 01:48:28.066,7.0647,7.06925,1.60,1.10
2010.03.15 01:48:28.328,7.0649,7.06925,1.00,1.10
2010.03.15 01:48:35.743,7.0654,7.06945,1.00,1.10
2010.03.15 01:48:35.854,7.0654,7.06965,1.00,1.60
2010.03.15 01:48:36.300,7.065,7.0696,1.00,1.10
2010.03.15 01:48:36.645,7.0649,7.0694,1.00,1.10
2010.03.15 01:48:36.997,7.0649,7.06905,1.00,1.10
2010.03.15 01:48:37.309,7.0647,7.06905,1.60,1.10
2010.03.15 01:48:39.614,7.0649,7.0693,1.00,1.10
2010.03.15 01:48:46.111,7.065,7.0693,1.00,1.10
2010.03.15 01:48:58.511,7.0651,7.0696,1.00,1.10
2010.03.15 01:49:02.466,7.0655,7.0698,1.00,1.10
2010.03.15 01:49:12.606,7.0655,7.0694,1.00,1.10
2010.03.15 01:49:12.744,7.065,7.0694,1.00,1.10
2010.03.15 01:49:13.013,7.0658,7.06965,1.00,2.70
2010.03.15 01:49:13.297,7.0663,7.0715,1.60,1.00
2010.03.15 01:49:14.810,7.0665,7.0708,1.60,1.00
2010.03.15 01:49:15.663,7.0665,7.0707,1.60,1.00
2010.03.15 01:49:21.277,7.0649,7.0703,1.30,1.00
2010.03.15 01:49:22.520,7.0651,7.0704,1.50,1.60
2010.03.15 01:49:28.382,7.0661,7.0704,1.00,1.60
2010.03.15 01:49:32.659,7.0663,7.0703,1.00,1.00
2010.03.15 01:49:32.684,7.0661,7.0703,1.00,1.00
2010.03.15 01:49:34.207,7.0663,7.0704,1.00,1.60
2010.03.15 01:49:40.444,7.0665,7.0704,1.00,1.60
2010.03.15 01:49:44.568,7.0663,7.0704,1.00,1.60
2010.03.15 01:49:50.384,7.0665,7.0704,1.00,1.60
2010.03.15 01:49:55.654,7.0668,7.0704,1.00,1.60
2010.03.15 01:50:05.870,7.0666,7.0708,1.00,1.80
2010.03.15 01:50:09.447,7.0668,7.0704,1.00,1.60
2010.03.15 01:50:11.046,7.0666,7.0704,1.00,1.60
2010.03.15 01:50:14.117,7.0668,7.0704,1.00,1.60
2010.03.15 01:50:22.763,7.067,7.0704,1.00,1.60
2010.03.15 01:50:24.516,7.0673,7.0704,1.00,1.60
2010.03.15 01:50:25.097,7.0671,7.0704,1.00,1.60
2010.03.15 01:50:26.955,7.0673,7.0704,1.00,1.60
2010.03.15 01:50:29.694,7.06755,7.0704,1.00,1.60
2010.03.15 01:50:37.171,7.06755,7.072,1.00,1.00
2010.03.15 01:50:37.451,7.068,7.0724,1.00,1.70
2010.03.15 01:50:37.735,7.068,7.0724,1.00,1.60
2010.03.15 01:50:43.633,7.0683,7.0722,2.00,1.60
2010.03.15 01:50:43.906,7.06835,7.0722,1.00,1.60
2010.03.15 01:50:46.790,7.06815,7.0722,1.00,1.60
2010.03.15 01:50:47.279,7.06835,7.0722,1.00,1.60
2010.03.15 01:50:48.310,7.06815,7.0722,1.00,1.60
2010.03.15 01:50:48.665,7.06815,7.0719,1.00,1.00
2010.03.15 01:50:53.653,7.06765,7.0714,1.00,1.00
2010.03.15 01:50:55.378,7.0673,7.0714,1.00,1.00
2010.03.15 01:50:55.561,7.0673,7.0712,1.00,1.00
2010.03.15 01:51:02.647,7.0675,7.0714,1.00,1.00
2010.03.15 01:51:02.873,7.0675,7.0714,1.00,1.00
2010.03.15 01:51:05.353,7.0676,7.0714,1.60,1.00
2010.03.15 01:51:05.391,7.06785,7.0718,1.00,1.00
2010.03.15 01:51:07.170,7.06805,7.0719,1.00,1.00
2010.03.15 01:51:08.276,7.06805,7.072,1.00,1.00
2010.03.15 01:51:08.626,7.06805,7.072,1.00,1.00
2010.03.15 01:51:21.055,7.0685,7.0722,1.00,1.60
2010.03.15 01:51:27.624,7.06885,7.0722,1.00,1.60
2010.03.15 01:51:29.220,7.06865,7.0722,1.00,1.60
2010.03.15 01:51:36.393,7.0684,7.0722,1.00,1.60
2010.03.15 01:51:38.768,7.06835,7.0722,1.00,1.60
2010.03.15 01:51:39.059,7.06855,7.0722,1.00,1.60
2010.03.15 01:52:12.899,7.06885,7.0722,1.00,1.60
2010.03.15 01:52:15.006,7.06865,7.0722,1.00,1.60
2010.03.15 01:52:15.492,7.0688,7.0722,1.60,1.60
2010.03.15 01:52:15.559,7.06905,7.0722,1.00,1.60
2010.03.15 01:52:16.095,7.06935,7.0722,1.00,1.60
2010.03.15 01:52:18.399,7.06915,7.0722,1.00,1.60
2010.03.15 01:52:18.547,7.06935,7.0722,1.00,1.60
2010.03.15 01:52:18.783,7.06935,7.0737,1.00,1.00
2010.03.15 01:52:18.934,7.0691,7.0736,2.10,1.00
2010.03.15 01:52:21.237,7.06915,7.0734,1.00,1.00
2010.03.15 01:52:21.310,7.06915,7.073,1.00,1.00
2010.03.15 01:52:22.127,7.06955,7.0734,1.00,1.00
2010.03.15 01:52:22.581,7.06955,7.0736,1.00,1.00
2010.03.15 01:52:24.016,7.06955,7.0734,1.00,1.00
2010.03.15 01:52:24.306,7.06955,7.0736,1.00,1.00
2010.03.15 01:52:27.684,7.06955,7.0736,1.00,1.00
2010.03.15 01:52:27.967,7.06935,7.0734,1.00,1.00
2010.03.15 01:52:28.180,7.06915,7.0734,1.00,1.00
2010.03.15 01:52:28.388,7.0691,7.0734,2.10,1.00
2010.03.15 01:52:30.796,7.0693,7.0738,1.60,1.00
2010.03.15 01:52:31.015,7.0692,7.0732,1.00,1.00
2010.03.15 01:52:31.575,7.06935,7.0732,1.00,1.00
2010.03.15 01:52:31.923,7.06935,7.0736,1.00,1.00
2010.03.15 01:52:32.266,7.06955,7.0736,1.00,1.00
2010.03.15 01:52:32.666,7.06985,7.0739,1.00,1.00
2010.03.15 01:52:34.795,7.06985,7.0736,1.00,1.00
2010.03.15 01:52:34.986,7.06965,7.0734,1.00,1.00
2010.03.15 01:52:35.126,7.06935,7.0734,1.00,1.00
2010.03.15 01:52:37.243,7.06915,7.073,1.00,1.00
2010.03.15 01:52:37.944,7.06915,7.0734,1.00,1.00
2010.03.15 01:52:38.144,7.06915,7.073,1.00,1.00
2010.03.15 01:52:38.886,7.06915,7.0733,1.00,1.00
2010.03.15 01:52:39.290,7.06915,7.073,1.00,1.00
2010.03.15 01:52:39.639,7.06915,7.0731,1.00,1.00
2010.03.15 01:52:39.988,7.06915,7.0735,1.00,1.00
2010.03.15 01:52:40.329,7.06915,7.0731,1.00,1.00
2010.03.15 01:52:40.899,7.06915,7.0735,1.00,1.00
2010.03.15 01:52:41.471,7.06915,7.0731,1.00,1.00
2010.03.15 01:52:41.710,7.06915,7.0731,1.00,1.00
2010.03.15 01:52:41.968,7.06915,7.0735,1.00,1.00
2010.03.15 01:52:42.216,7.06915,7.0731,1.00,1.00
2010.03.15 01:52:42.810,7.06915,7.0735,1.00,1.00
2010.03.15 01:52:43.120,7.06915,7.0731,1.00,1.00
2010.03.15 01:52:43.429,7.06915,7.0735,1.00,1.00
2010.03.15 01:52:44.586,7.06955,7.0731,1.00,1.00
2010.03.15 01:52:44.822,7.0694,7.0735,1.00,1.00
2010.03.15 01:52:44.980,7.0696,7.0739,1.00,1.00
2010.03.15 01:52:47.678,7.0694,7.0739,1.00,1.00
2010.03.15 01:52:47.834,7.0694,7.0735,1.00,1.00
2010.03.15 01:52:49.961,7.0694,7.0731,1.00,1.00
2010.03.15 01:52:50.168,7.0692,7.0731,1.00,1.00
2010.03.15 01:52:58.345,7.0694,7.0731,1.00,1.00
2010.03.15 01:52:58.497,7.0694,7.0735,1.00,1.00
2010.03.15 01:52:59.564,7.0694,7.0734,1.00,1.00
2010.03.15 01:53:03.867,7.0694,7.0736,1.00,1.00
2010.03.15 01:53:04.161,7.0696,7.0736,1.00,1.00
2010.03.15 01:53:05.975,7.06935,7.0736,1.60,1.00
2010.03.15 01:53:06.186,7.0692,7.073,1.00,1.00
2010.03.15 01:53:06.773,7.0692,7.0734,1.00,1.00
2010.03.15 01:53:08.285,7.06915,7.0734,1.00,1.00
2010.03.15 01:53:08.504,7.06915,7.073,1.00,1.00
2010.03.15 01:53:12.805,7.06915,7.0734,2.00,1.00
2010.03.15 01:53:13.031,7.0694,7.0734,1.00,1.00
2010.03.15 01:53:21.006,7.0696,7.0736,1.00,1.00
2010.03.15 01:53:23.838,7.06935,7.0736,1.60,1.00
2010.03.15 01:53:24.128,7.0692,7.0734,1.00,1.00
2010.03.15 01:53:24.413,7.0694,7.0734,1.00,1.00
2010.03.15 01:53:30.787,7.0694,7.0736,1.00,1.00
2010.03.15 01:53:30.995,7.0696,7.0736,1.00,1.00
2010.03.15 01:53:31.208,7.0696,7.0734,1.00,1.00
2010.03.15 01:53:31.342,7.0694,7.0734,1.00,1.00
2010.03.15 01:53:34.189,7.06915,7.073,1.00,1.00
2010.03.15 01:53:47.892,7.0693,7.074,1.60,1.00
2010.03.15 01:53:48.248,7.0699,7.0741,1.00,1.00
2010.03.15 01:53:48.593,7.0699,7.0743,1.00,1.70
2010.03.15 01:53:53.834,7.06985,7.0739,2.00,1.00
2010.03.15 01:53:54.022,7.06985,7.0739,1.00,1.00
2010.03.15 01:53:54.891,7.06965,7.0739,1.00,1.00
2010.03.15 01:53:55.183,7.06965,7.0736,1.00,1.00
2010.03.15 01:54:03.641,7.06965,7.0735,1.00,1.00
2010.03.15 01:54:03.931,7.06935,7.0734,1.00,1.00
2010.03.15 01:54:07.090,7.06955,7.0735,1.00,1.00
2010.03.15 01:54:08.551,7.06935,7.0734,1.00,1.00
2010.03.15 01:54:15.332,7.06915,7.073,1.00,1.00
2010.03.15 01:54:15.919,7.06935,7.0734,1.00,1.00
2010.03.15 01:54:16.276,7.06915,7.0734,1.00,1.00
2010.03.15 01:54:16.620,7.06935,7.0734,1.00,1.00
2010.03.15 01:54:20.663,7.06915,7.0734,1.00,1.00
2010.03.15 01:54:21.053,7.0689,7.073,2.10,1.00
2010.03.15 01:54:24.804,7.06915,7.0734,1.00,1.00
2010.03.15 01:54:26.678,7.06915,7.0733,1.00,1.00
2010.03.15 01:54:26.991,7.06915,7.0729,1.00,1.00
2010.03.15 01:54:31.031,7.06915,7.0733,1.00,1.00
2010.03.15 01:54:33.785,7.0687,7.0733,1.00,1.00
2010.03.15 01:54:33.968,7.0687,7.0726,1.00,1.00
2010.03.15 01:54:46.611,7.0687,7.0728,1.00,1.00
2010.03.15 01:54:46.744,7.06885,7.0728,1.00,1.00
2010.03.15 01:54:48.485,7.06885,7.0727,1.00,1.00
2010.03.15 01:54:49.903,7.06865,7.0724,1.00,1.00
2010.03.15 01:54:50.369,7.06865,7.0727,1.00,1.00
2010.03.15 01:54:50.830,7.06885,7.0727,1.00,1.00
2010.03.15 01:54:51.359,7.06885,7.0728,1.00,1.00
2010.03.15 01:54:51.712,7.06885,7.0727,1.00,1.00
2010.03.15 01:54:52.136,7.06865,7.0727,1.00,1.00
2010.03.15 01:54:54.010,7.06885,7.0728,1.00,1.00
2010.03.15 01:54:57.553,7.0687,7.0728,1.00,1.00
2010.03.15 01:54:57.676,7.0687,7.0724,1.00,1.00
2010.03.15 01:54:58.990,7.06885,7.0728,1.00,1.00
2010.03.15 01:55:05.994,7.06885,7.0727,1.00,1.00
2010.03.15 01:55:11.110,7.06865,7.0724,1.00,1.00
2010.03.15 01:55:14.201,7.06865,7.0721,1.00,1.00
2010.03.15 01:55:14.412,7.0685,7.0719,1.00,1.00
2010.03.15 01:55:14.632,7.0685,7.0724,1.00,1.00
2010.03.15 01:55:14.851,7.0685,7.0722,1.00,1.00
2010.03.15 01:55:15.190,7.0685,7.0724,1.00,1.00
2010.03.15 01:55:15.911,7.0684,7.0724,1.60,1.00
2010.03.15 01:55:16.161,7.0684,7.0722,1.60,1.00
2010.03.15 01:55:18.207,7.06855,7.0724,1.00,1.00
2010.03.15 01:55:19.029,7.0684,7.0724,1.60,1.00
2010.03.15 01:55:19.457,7.0684,7.0722,1.60,1.00
2010.03.15 01:55:19.807,7.0684,7.0719,1.60,1.00
2010.03.15 01:55:20.963,7.0684,7.0722,1.60,1.00
2010.03.15 01:55:23.001,7.06855,7.0722,1.00,1.00
2010.03.15 01:55:23.107,7.06855,7.0724,1.00,1.00
2010.03.15 01:55:28.381,7.0684,7.0719,1.60,1.00
2010.03.15 01:55:31.690,7.06855,7.0719,1.00,1.00
2010.03.15 01:55:31.861,7.06855,7.0724,1.00,1.00
2010.03.15 01:55:32.211,7.0684,7.0722,1.60,1.00
2010.03.15 01:55:32.898,7.0684,7.0718,1.60,1.00
2010.03.15 01:55:40.001,7.0684,7.0723,1.60,1.00
2010.03.15 01:55:40.495,7.06855,7.0723,1.00,1.00
2010.03.15 01:55:42.754,7.0684,7.0722,1.60,1.00
2010.03.15 01:55:50.280,7.0684,7.0721,1.60,1.00
2010.03.15 01:55:51.882,7.0684,7.0722,1.60,1.00
2010.03.15 01:56:08.892,7.06855,7.0722,1.00,1.00
2010.03.15 01:56:09.278,7.06855,7.0723,1.00,1.00
2010.03.15 01:56:09.806,7.06905,7.0728,1.00,1.00
2010.03.15 01:56:10.152,7.06915,7.0732,1.60,1.00
2010.03.15 01:56:10.502,7.0694,7.0732,1.00,1.00
2010.03.15 01:56:20.895,7.0696,7.0732,1.00,1.00
2010.03.15 01:56:21.048,7.0696,7.0736,1.00,1.00
2010.03.15 01:56:21.356,7.0694,7.0732,1.00,1.00
2010.03.15 01:56:21.516,7.0694,7.0732,1.00,1.00
2010.03.15 01:56:24.929,7.0694,7.0728,1.00,1.00
2010.03.15 01:56:25.329,7.0694,7.0732,1.00,1.00
2010.03.15 01:56:34.402,7.0696,7.0732,1.00,1.00
2010.03.15 01:56:34.602,7.0696,7.0734,1.00,1.00
2010.03.15 01:56:34.803,7.0694,7.0732,1.00,1.00
2010.03.15 01:56:44.859,7.0696,7.0734,1.00,1.00
2010.03.15 01:56:45.929,7.0696,7.0733,1.00,1.00
2010.03.15 01:56:48.283,7.0694,7.0732,1.00,1.00
2010.03.15 01:56:54.114,7.0698,7.0733,1.60,1.00
2010.03.15 01:56:54.324,7.0697,7.0733,1.00,1.00
2010.03.15 01:56:54.532,7.0699,7.0733,1.00,1.00
2010.03.15 01:56:54.729,7.0699,7.0737,1.00,1.00
2010.03.15 01:57:00.265,7.0699,7.0741,1.00,1.60
2010.03.15 01:57:00.443,7.0699,7.0741,1.00,1.70
2010.03.15 01:57:01.144,7.0699,7.0737,1.00,1.00
2010.03.15 01:57:01.424,7.0699,7.0738,1.00,1.00
2010.03.15 01:57:01.706,7.0701,7.0738,1.00,1.00
2010.03.15 01:57:03.464,7.06985,7.0738,1.00,1.00
2010.03.15 01:57:03.659,7.06985,7.0737,1.00,1.00
2010.03.15 01:57:09.337,7.06985,7.0736,1.00,1.00
2010.03.15 01:57:20.611,7.0701,7.0738,1.00,1.00
2010.03.15 01:57:28.090,7.0697,7.0733,1.00,1.00
2010.03.15 01:57:32.530,7.0697,7.0738,1.00,1.00
2010.03.15 01:57:32.880,7.07005,7.0738,1.00,1.00
2010.03.15 01:57:33.201,7.06985,7.0736,1.00,1.00
2010.03.15 01:57:52.176,7.06965,7.0733,1.00,1.00
2010.03.15 01:58:00.450,7.06915,7.0731,1.00,1.00
2010.03.15 01:58:00.668,7.06885,7.0727,1.00,1.00
2010.03.15 01:58:01.116,7.06865,7.0726,1.00,1.00
2010.03.15 01:58:01.466,7.06835,7.0721,1.00,1.00
2010.03.15 01:58:03.659,7.06855,7.0721,1.00,1.00
2010.03.15 01:58:03.859,7.06855,7.0722,1.00,1.00
2010.03.15 01:58:04.061,7.0688,7.0726,1.00,1.00
2010.03.15 01:58:22.835,7.06905,7.0727,1.00,1.00
2010.03.15 01:58:23.028,7.06885,7.0726,1.00,1.00
2010.03.15 01:58:24.291,7.06915,7.073,1.00,1.00
2010.03.15 01:58:25.516,7.06915,7.0733,1.00,1.00
2010.03.15 01:58:25.814,7.06915,7.073,1.00,1.00
2010.03.15 01:58:26.114,7.06955,7.0733,1.00,1.00
2010.03.15 01:58:32.043,7.06935,7.0731,1.00,1.00
2010.03.15 01:58:38.261,7.06915,7.0727,1.00,1.00
2010.03.15 01:58:43.241,7.06915,7.0725,1.00,1.00
2010.03.15 01:58:43.338,7.06915,7.0726,1.00,1.00
2010.03.15 01:58:43.530,7.06885,7.0726,1.00,1.00
2010.03.15 01:58:47.951,7.06905,7.0727,1.00,1.00
2010.03.15 01:59:01.101,7.06905,7.0731,1.00,1.00
2010.03.15 01:59:01.355,7.06935,7.0731,1.00,1.00
2010.03.15 01:59:02.666,7.06935,7.0733,1.00,1.00
2010.03.15 01:59:03.008,7.0696,7.0733,1.00,1.00
2010.03.15 01:59:18.921,7.0696,7.0731,1.00,1.00
2010.03.15 01:59:19.150,7.0696,7.0731,1.00,1.00
2010.03.15 01:59:19.543,7.0694,7.0731,1.00,1.00
2010.03.15 01:59:21.342,7.0694,7.073,1.00,1.00
2010.03.15 01:59:24.882,7.06915,7.0727,1.00,1.00
2010.03.15 01:59:25.170,7.0694,7.073,1.00,1.00
2010.03.15 01:59:29.488,7.0694,7.0731,1.00,1.00
2010.03.15 01:59:42.920,7.0694,7.073,1.00,1.00
2010.03.15 01:59:48.506,7.0694,7.0729,1.00,1.00
2010.03.15 01:59:48.708,7.0694,7.0726,1.00,1.00
2010.03.15 01:59:48.909,7.06915,7.0729,1.00,1.00
2010.03.15 01:59:49.104,7.0694,7.0729,1.00,1.00
2010.03.15 01:59:49.309,7.0694,7.0726,1.00,1.00
2010.03.15 01:59:49.724,7.06915,7.0729,2.00,1.00
2010.03.15 01:59:50.385,7.06915,7.0726,1.00,1.00
2010.03.15 01:59:54.891,7.0694,7.0729,1.00,1.00
2010.03.15 01:59:55.294,7.0694,7.0731,1.00,1.00
2010.03.15 01:59:55.435,7.06915,7.0731,1.00,1.00
2010.03.15 01:59:55.755,7.06955,7.0731,1.00,1.00
