2012.05.31 13:00:00.143,7.23181,7.23309,2.78,2.78
2012.05.31 13:00:00.220,7.23196,7.23322,2.78,2.78
2012.05.31 13:00:00.602,7.23195,7.23322,2.78,2.78
2012.05.31 13:00:01.470,7.23181,7.23306,2.78,2.78
2012.05.31 13:00:01.819,7.23188,7.23313,2.78,2.78
2012.05.31 13:00:01.894,7.23205,7.23332,2.03,2.78
2012.05.31 13:00:02.221,7.2321,7.23335,2.78,2.78
2012.05.31 13:00:02.621,7.2321,7.23335,2.78,2.78
2012.05.31 13:00:02.952,7.23179,7.23291,2.78,2.78
2012.05.31 13:00:03.332,7.23214,7.23325,2.03,1.50
2012.05.31 13:00:03.402,7.23214,7.23341,2.78,2.78
2012.05.31 13:00:03.472,7.23251,7.23363,2.03,1.50
2012.05.31 13:00:03.811,7.23251,7.23312,2.03,1.50
2012.05.31 13:00:03.881,7.23213,7.23312,2.03,1.50
2012.05.31 13:00:04.010,7.23165,7.23293,2.78,2.78
2012.05.31 13:00:04.139,7.23166,7.23292,2.78,2.78
2012.05.31 13:00:04.450,7.23151,7.23276,2.78,2.03
2012.05.31 13:00:04.520,7.23166,7.23293,2.78,2.03
2012.05.31 13:00:04.651,7.23188,7.23308,2.67,2.03
2012.05.31 13:00:04.840,7.23183,7.23308,2.78,2.78
2012.05.31 13:00:05.446,7.2318,7.23307,2.78,2.78
2012.05.31 13:00:05.580,7.23198,7.23323,2.03,2.78
2012.05.31 13:00:05.809,7.23198,7.23323,2.78,2.78
2012.05.31 13:00:06.061,7.2318,7.23305,2.78,2.03
2012.05.31 13:00:06.399,7.23195,7.2332,2.78,2.78
2012.05.31 13:00:07.139,7.23195,7.23316,2.78,1.50
2012.05.31 13:00:07.268,7.23195,7.2332,2.78,2.78
2012.05.31 13:00:07.403,7.23195,7.2332,2.78,2.78
2012.05.31 13:00:07.609,7.23234,7.23337,2.03,2.03
2012.05.31 13:00:07.682,7.23259,7.23384,2.03,2.03
2012.05.31 13:00:08.127,7.23295,7.23384,2.03,2.03
2012.05.31 13:00:08.204,7.23295,7.23449,4.05,2.78
2012.05.31 13:00:08.340,7.23287,7.23453,1.92,1.50
2012.05.31 13:00:08.800,7.23287,7.23446,1.92,1.50
2012.05.31 13:00:09.109,7.23246,7.23397,2.78,1.50
2012.05.31 13:00:09.658,7.23222,7.23367,1.50,1.50
2012.05.31 13:00:09.789,7.23207,7.23366,2.67,1.50
2012.05.31 13:00:09.858,7.23207,7.23366,2.67,1.50
2012.05.31 13:00:10.070,7.23208,7.23366,1.50,1.50
2012.05.31 13:00:10.393,7.23209,7.23366,1.50,1.50
2012.05.31 13:00:10.771,7.23221,7.23376,2.03,1.50
2012.05.31 13:00:10.841,7.23228,7.23376,1.50,1.50
2012.05.31 13:00:11.357,7.23228,7.23396,1.50,1.50
2012.05.31 13:00:12.098,7.23228,7.23377,1.50,1.50
2012.05.31 13:00:12.505,7.2327,7.23408,2.03,2.78
2012.05.31 13:00:12.771,7.2327,7.23403,2.03,1.50
2012.05.31 13:00:12.913,7.23257,7.23382,2.78,2.78
2012.05.31 13:00:12.985,7.23262,7.23387,2.78,2.03
2012.05.31 13:00:13.063,7.23276,7.23404,2.78,2.78
2012.05.31 13:00:13.250,7.23264,7.23391,2.78,2.78
2012.05.31 13:00:13.813,7.23276,7.23402,2.78,2.78
2012.05.31 13:00:14.326,7.23254,7.23379,2.78,2.03
2012.05.31 13:00:14.591,7.23266,7.23394,2.78,2.78
2012.05.31 13:00:14.720,7.23251,7.23376,2.78,2.03
2012.05.31 13:00:15.065,7.23272,7.23399,2.78,2.78
2012.05.31 13:00:15.141,7.23272,7.23399,2.78,2.78
2012.05.31 13:00:15.465,7.23306,7.23433,2.78,2.78
2012.05.31 13:00:15.779,7.23312,7.23439,2.78,2.78
2012.05.31 13:00:15.850,7.23328,7.23456,2.78,2.78
2012.05.31 13:00:16.162,7.23328,7.23456,2.78,2.03
2012.05.31 13:00:16.233,7.23346,7.23473,2.78,2.78
2012.05.31 13:00:16.431,7.23347,7.23475,4.80,2.03
2012.05.31 13:00:16.982,7.23349,7.23476,2.78,2.03
2012.05.31 13:00:17.110,7.23366,7.23494,2.78,2.78
2012.05.31 13:00:17.539,7.23353,7.23478,2.78,2.03
2012.05.31 13:00:17.851,7.23353,7.23478,2.78,2.03
2012.05.31 13:00:18.494,7.23354,7.23481,2.78,2.03
2012.05.31 13:00:19.233,7.23354,7.23477,2.78,1.50
2012.05.31 13:00:19.506,7.23334,7.2346,2.78,2.78
2012.05.31 13:00:20.071,7.2331,7.23435,2.78,2.78
2012.05.31 13:00:20.140,7.2331,7.23435,2.78,2.03
2012.05.31 13:00:21.772,7.23327,7.23454,2.78,2.78
2012.05.31 13:00:21.901,7.233,7.23425,2.78,2.03
2012.05.31 13:00:22.220,7.23292,7.23409,1.50,2.03
2012.05.31 13:00:22.541,7.23283,7.2337,1.50,2.03
2012.05.31 13:00:22.729,7.23264,7.23371,1.50,2.03
2012.05.31 13:00:24.681,7.23257,7.23371,2.67,2.03
2012.05.31 13:00:24.872,7.2326,7.23385,2.78,2.03
2012.05.31 13:00:24.999,7.2326,7.23385,2.78,2.78
2012.05.31 13:00:25.188,7.2326,7.23385,2.78,2.78
2012.05.31 13:00:25.399,7.2326,7.23385,2.78,2.03
2012.05.31 13:00:25.930,7.23262,7.23389,4.80,2.78
2012.05.31 13:00:26.000,7.23273,7.23389,1.50,2.03
2012.05.31 13:00:26.191,7.23297,7.23413,2.78,2.78
2012.05.31 13:00:26.762,7.23316,7.23441,2.78,2.03
2012.05.31 13:00:26.950,7.23333,7.23458,2.78,2.78
2012.05.31 13:00:27.789,7.23333,7.23458,2.78,2.78
2012.05.31 13:00:28.142,7.2332,7.23448,2.78,2.78
2012.05.31 13:00:28.492,7.2332,7.23448,2.78,2.78
2012.05.31 13:00:28.801,7.23316,7.23441,2.78,2.03
2012.05.31 13:00:29.267,7.23316,7.23441,2.78,2.78
2012.05.31 13:00:32.149,7.23321,7.23447,2.78,2.78
2012.05.31 13:00:33.968,7.23321,7.23447,2.78,2.03
2012.05.31 13:00:34.626,7.23344,7.23469,2.78,2.78
2012.05.31 13:00:34.711,7.2335,7.23486,2.78,2.78
2012.05.31 13:00:35.630,7.23365,7.23495,2.78,2.78
2012.05.31 13:00:35.830,7.23365,7.23495,2.78,2.78
2012.05.31 13:00:37.806,7.23368,7.23493,1.50,2.03
2012.05.31 13:00:37.884,7.23399,7.23517,2.78,2.78
2012.05.31 13:00:37.963,7.23399,7.23526,2.78,2.78
2012.05.31 13:00:40.213,7.23427,7.23555,2.03,2.78
2012.05.31 13:00:40.570,7.23427,7.23555,2.78,2.78
2012.05.31 13:00:40.947,7.23413,7.2354,2.78,2.78
2012.05.31 13:00:41.273,7.23444,7.23586,2.78,1.50
2012.05.31 13:00:41.589,7.23444,7.23586,2.78,1.50
2012.05.31 13:00:41.934,7.23497,7.23611,1.50,2.03
2012.05.31 13:00:42.002,7.23501,7.23611,1.50,2.03
2012.05.31 13:00:42.657,7.23524,7.23649,2.03,2.78
2012.05.31 13:00:43.011,7.23563,7.23676,2.03,1.50
2012.05.31 13:00:43.284,7.23579,7.23687,2.03,1.50
2012.05.31 13:00:43.431,7.23563,7.23686,2.03,1.50
2012.05.31 13:00:43.502,7.23548,7.23674,1.50,2.78
2012.05.31 13:00:43.632,7.23538,7.23656,1.50,2.78
2012.05.31 13:00:43.869,7.23538,7.23656,1.50,2.03
2012.05.31 13:00:43.942,7.23549,7.23677,2.78,2.78
2012.05.31 13:00:44.069,7.23549,7.23677,2.78,2.78
2012.05.31 13:00:44.399,7.23524,7.2365,2.78,2.03
2012.05.31 13:00:44.470,7.23524,7.2365,2.03,2.03
2012.05.31 13:00:44.597,7.23524,7.2365,2.78,2.03
2012.05.31 13:00:44.732,7.2354,7.23668,2.78,2.03
2012.05.31 13:00:45.321,7.23517,7.23621,2.67,2.03
2012.05.31 13:00:45.392,7.23517,7.23643,2.67,2.03
2012.05.31 13:00:45.464,7.23517,7.23643,2.67,2.03
2012.05.31 13:00:45.539,7.23517,7.23614,2.67,2.03
2012.05.31 13:00:45.741,7.23505,7.23632,2.78,2.03
2012.05.31 13:00:45.929,7.23505,7.23632,2.78,2.03
2012.05.31 13:00:46.453,7.235,7.23625,2.78,2.03
2012.05.31 13:00:46.524,7.235,7.23625,2.03,2.78
2012.05.31 13:00:46.603,7.23503,7.23627,2.03,1.50
2012.05.31 13:00:46.802,7.23503,7.23627,2.03,1.50
2012.05.31 13:00:46.870,7.23485,7.23612,2.78,2.78
2012.05.31 13:00:47.261,7.23448,7.2357,1.50,2.03
2012.05.31 13:00:47.460,7.23471,7.23599,2.78,2.78
2012.05.31 13:00:47.530,7.23486,7.23599,1.50,2.78
2012.05.31 13:00:47.983,7.23488,7.23613,2.78,2.03
2012.05.31 13:00:48.052,7.23488,7.23613,2.78,2.78
2012.05.31 13:00:48.123,7.23477,7.23598,1.50,2.03
2012.05.31 13:00:48.441,7.23478,7.23576,1.50,2.03
2012.05.31 13:00:48.661,7.23478,7.23592,1.50,2.03
2012.05.31 13:00:49.103,7.23494,7.23592,1.50,2.03
2012.05.31 13:00:49.659,7.23504,7.23599,1.50,2.03
2012.05.31 13:00:49.739,7.23512,7.23623,1.50,2.03
2012.05.31 13:00:49.908,7.2352,7.23623,1.50,2.03
2012.05.31 13:00:49.980,7.2352,7.23637,1.50,2.78
2012.05.31 13:00:50.480,7.23528,7.23637,1.50,2.03
2012.05.31 13:00:50.670,7.23528,7.23637,1.50,2.03
2012.05.31 13:00:51.372,7.23529,7.23656,2.78,2.78
2012.05.31 13:00:51.560,7.23507,7.23618,1.50,2.03
2012.05.31 13:00:51.695,7.23498,7.23618,1.50,2.03
2012.05.31 13:00:51.889,7.23508,7.23618,1.50,2.03
2012.05.31 13:00:52.639,7.23508,7.23611,1.50,2.03
2012.05.31 13:00:52.712,7.23515,7.23628,1.50,2.03
2012.05.31 13:00:52.780,7.23508,7.23628,1.50,2.03
2012.05.31 13:00:52.854,7.23515,7.2362,1.50,2.03
2012.05.31 13:00:52.932,7.23517,7.23638,1.50,2.03
2012.05.31 13:00:53.369,7.23517,7.2362,1.50,2.03
2012.05.31 13:00:53.499,7.23527,7.23638,1.50,2.03
2012.05.31 13:00:53.901,7.23513,7.23638,1.50,2.78
2012.05.31 13:00:54.210,7.23518,7.23638,1.50,2.78
2012.05.31 13:00:55.122,7.23522,7.23638,1.50,2.78
2012.05.31 13:00:55.195,7.23522,7.23638,1.50,2.78
2012.05.31 13:00:55.691,7.23522,7.23623,1.50,2.03
2012.05.31 13:00:55.950,7.23522,7.2364,1.50,2.78
2012.05.31 13:00:56.114,7.23515,7.2364,2.78,2.78
2012.05.31 13:00:56.414,7.23507,7.23623,1.50,2.03
2012.05.31 13:00:56.720,7.23498,7.23586,1.50,2.03
2012.05.31 13:00:56.793,7.23498,7.23586,1.50,2.03
2012.05.31 13:00:56.862,7.23509,7.23586,1.50,2.03
2012.05.31 13:00:56.936,7.23509,7.23621,1.50,2.78
2012.05.31 13:00:57.585,7.23517,7.23642,1.50,2.78
2012.05.31 13:00:59.123,7.23517,7.23626,1.50,2.03
2012.05.31 13:00:59.452,7.23487,7.23605,1.50,2.03
2012.05.31 13:00:59.584,7.23487,7.23605,1.50,2.03
2012.05.31 13:01:00.393,7.23479,7.23605,2.78,4.80
2012.05.31 13:01:00.462,7.23458,7.23581,3.42,2.03
2012.05.31 13:01:01.422,7.23473,7.23599,2.78,2.78
2012.05.31 13:01:03.487,7.23473,7.23599,2.78,2.78
2012.05.31 13:01:03.911,7.23469,7.23599,2.78,2.78
2012.05.31 13:01:04.418,7.23481,7.23617,2.03,2.78
2012.05.31 13:01:04.687,7.23481,7.23617,2.78,2.78
2012.05.31 13:01:05.188,7.2347,7.23603,2.78,2.78
2012.05.31 13:01:05.707,7.2347,7.23603,2.78,2.78
2012.05.31 13:01:06.080,7.2347,7.23603,2.78,2.78
2012.05.31 13:01:06.622,7.2347,7.23603,2.78,2.78
2012.05.31 13:01:07.201,7.23458,7.2358,3.42,2.03
2012.05.31 13:01:07.329,7.2348,7.2361,2.78,2.78
2012.05.31 13:01:07.679,7.23497,7.23628,2.78,2.78
2012.05.31 13:01:07.998,7.2351,7.2364,2.78,2.78
2012.05.31 13:01:08.108,7.2351,7.2364,2.78,2.78
2012.05.31 13:01:08.723,7.2351,7.2364,2.78,2.78
2012.05.31 13:01:09.409,7.23498,7.23623,2.78,2.78
2012.05.31 13:01:09.656,7.23498,7.23623,2.03,2.78
2012.05.31 13:01:09.787,7.23498,7.23623,2.78,2.78
2012.05.31 13:01:10.040,7.23498,7.23623,2.78,2.78
2012.05.31 13:01:10.361,7.23501,7.23623,1.50,2.78
2012.05.31 13:01:10.490,7.23526,7.23643,1.50,2.78
2012.05.31 13:01:10.681,7.23527,7.23643,1.50,2.78
2012.05.31 13:01:11.031,7.23518,7.23643,2.78,2.78
2012.05.31 13:01:11.165,7.23527,7.23643,1.50,2.78
2012.05.31 13:01:11.502,7.23518,7.23643,2.03,2.78
2012.05.31 13:01:11.572,7.23518,7.23643,2.78,2.78
2012.05.31 13:01:11.919,7.23545,7.2367,2.03,2.78
2012.05.31 13:01:11.989,7.23531,7.23643,1.50,2.78
2012.05.31 13:01:12.130,7.23538,7.23661,1.50,2.78
2012.05.31 13:01:12.362,7.23534,7.23661,2.78,2.78
2012.05.31 13:01:12.488,7.23538,7.23661,1.50,2.78
2012.05.31 13:01:12.620,7.23538,7.23661,1.50,2.78
2012.05.31 13:01:12.781,7.23534,7.23661,2.78,2.78
2012.05.31 13:01:12.968,7.23538,7.23661,1.50,2.78
2012.05.31 13:01:13.099,7.23534,7.23661,2.78,2.78
2012.05.31 13:01:13.168,7.23538,7.23661,1.50,2.78
2012.05.31 13:01:13.879,7.23538,7.23661,1.50,2.78
2012.05.31 13:01:22.259,7.23518,7.2363,1.50,2.03
2012.05.31 13:01:23.168,7.23527,7.23646,1.50,2.03
2012.05.31 13:01:23.689,7.23521,7.23646,2.78,2.78
2012.05.31 13:01:23.759,7.23517,7.23638,1.50,2.03
2012.05.31 13:01:24.390,7.23528,7.23639,1.50,2.03
2012.05.31 13:01:27.669,7.23517,7.23623,1.50,2.03
2012.05.31 13:01:27.809,7.23517,7.23623,1.50,2.03
2012.05.31 13:01:29.579,7.23508,7.23621,1.50,2.03
2012.05.31 13:01:29.651,7.23508,7.23603,1.50,2.03
2012.05.31 13:01:30.080,7.23498,7.23602,1.50,2.03
2012.05.31 13:01:30.219,7.23477,7.23602,3.53,2.78
2012.05.31 13:01:30.290,7.23477,7.23588,2.78,2.03
2012.05.31 13:01:30.550,7.23438,7.23558,1.50,2.03
2012.05.31 13:01:30.752,7.23438,7.23543,1.50,2.03
2012.05.31 13:01:31.336,7.23438,7.23543,1.50,2.03
2012.05.31 13:01:32.638,7.23438,7.23558,1.50,2.03
2012.05.31 13:01:34.092,7.23438,7.23558,1.50,2.03
2012.05.31 13:01:34.405,7.23435,7.23544,1.50,2.03
2012.05.31 13:01:34.477,7.23435,7.23544,1.50,2.03
2012.05.31 13:01:34.629,7.23438,7.23563,2.78,2.03
2012.05.31 13:01:34.774,7.23435,7.23541,1.50,2.03
2012.05.31 13:01:35.020,7.23431,7.23558,2.78,2.03
2012.05.31 13:01:36.591,7.23431,7.23558,2.78,2.03
2012.05.31 13:01:36.791,7.23449,7.23575,2.78,2.78
2012.05.31 13:01:37.169,7.23449,7.23575,2.78,2.78
2012.05.31 13:01:37.299,7.23449,7.23575,2.78,2.03
2012.05.31 13:01:37.721,7.23449,7.23575,2.78,2.03
2012.05.31 13:01:37.848,7.23449,7.23575,2.78,2.03
2012.05.31 13:01:38.989,7.23449,7.23575,2.78,2.03
2012.05.31 13:01:39.239,7.23449,7.23575,2.78,2.78
2012.05.31 13:01:39.627,7.23457,7.23575,1.50,2.03
2012.05.31 13:01:39.757,7.23457,7.23575,1.50,2.78
2012.05.31 13:01:40.284,7.23457,7.23575,1.50,2.03
2012.05.31 13:01:40.689,7.23457,7.23575,1.50,2.03
2012.05.31 13:01:43.619,7.23488,7.23596,1.50,2.78
2012.05.31 13:01:43.691,7.23488,7.23605,1.50,2.78
2012.05.31 13:01:43.853,7.23488,7.23605,1.50,2.78
2012.05.31 13:01:44.158,7.23477,7.23586,1.50,2.03
2012.05.31 13:01:44.439,7.23477,7.23586,1.50,2.03
2012.05.31 13:01:45.220,7.23461,7.23586,2.78,2.03
2012.05.31 13:01:45.920,7.23448,7.23569,1.50,2.03
2012.05.31 13:01:47.183,7.23459,7.23587,2.78,2.03
2012.05.31 13:01:49.079,7.23457,7.23571,1.50,2.03
2012.05.31 13:01:50.867,7.23457,7.23588,1.50,2.03
2012.05.31 13:01:51.380,7.23453,7.23588,2.78,2.78
2012.05.31 13:01:51.450,7.23458,7.23588,1.50,2.03
2012.05.31 13:01:51.580,7.23458,7.23594,1.50,2.03
2012.05.31 13:01:52.068,7.23458,7.23594,1.50,2.78
2012.05.31 13:01:52.278,7.23458,7.23594,1.50,2.03
2012.05.31 13:01:52.350,7.23458,7.23594,1.50,2.78
2012.05.31 13:01:52.678,7.23458,7.23594,1.50,2.03
2012.05.31 13:01:53.380,7.23476,7.23607,2.78,2.78
2012.05.31 13:01:53.899,7.23458,7.2359,1.50,2.03
2012.05.31 13:01:54.211,7.23458,7.2359,1.50,2.78
2012.05.31 13:01:55.878,7.23458,7.2359,1.50,2.03
2012.05.31 13:01:56.008,7.23481,7.23617,2.78,2.78
2012.05.31 13:01:56.651,7.23468,7.23587,1.50,2.03
2012.05.31 13:01:57.151,7.23477,7.23604,1.50,2.78
2012.05.31 13:01:58.883,7.23475,7.23608,2.78,2.78
2012.05.31 13:01:59.230,7.23467,7.23603,1.50,2.03
2012.05.31 13:01:59.521,7.23484,7.23614,2.78,2.78
2012.05.31 13:01:59.673,7.23487,7.23614,1.50,2.78
2012.05.31 13:02:00.002,7.23517,7.23623,1.50,1.83
2012.05.31 13:02:00.069,7.23517,7.23623,1.50,2.58
2012.05.31 13:02:00.199,7.23521,7.23623,1.50,2.58
2012.05.31 13:02:00.332,7.23528,7.23647,1.50,2.78
2012.05.31 13:02:00.639,7.2353,7.23665,2.03,2.78
2012.05.31 13:02:00.708,7.2353,7.23665,2.78,2.78
2012.05.31 13:02:06.151,7.2353,7.23665,2.78,2.78
2012.05.31 13:02:06.469,7.23578,7.23665,1.50,2.03
2012.05.31 13:02:06.659,7.23578,7.23665,1.50,2.03
2012.05.31 13:02:06.728,7.23578,7.23665,1.50,2.03
2012.05.31 13:02:06.942,7.23578,7.23699,1.50,2.03
2012.05.31 13:02:07.071,7.23594,7.23724,2.78,4.80
2012.05.31 13:02:08.278,7.23587,7.2371,1.50,2.78
2012.05.31 13:02:08.619,7.23585,7.2371,2.78,2.78
2012.05.31 13:02:09.190,7.23585,7.2371,2.78,2.78
2012.05.31 13:02:09.589,7.23585,7.2371,2.78,2.78
2012.05.31 13:02:10.532,7.23585,7.2371,2.78,2.03
2012.05.31 13:02:11.095,7.23585,7.2371,2.78,2.78
2012.05.31 13:02:11.347,7.23585,7.2371,2.78,2.03
2012.05.31 13:02:11.477,7.23585,7.2371,2.78,2.78
2012.05.31 13:02:11.789,7.23585,7.2371,2.78,2.03
2012.05.31 13:02:12.092,7.23585,7.2371,2.78,2.78
2012.05.31 13:02:13.087,7.23587,7.2371,1.50,2.03
2012.05.31 13:02:14.963,7.23618,7.2371,1.50,2.03
2012.05.31 13:02:15.481,7.23639,7.23756,1.50,2.78
2012.05.31 13:02:15.739,7.23666,7.23794,2.78,2.78
2012.05.31 13:02:15.872,7.23701,7.23794,1.50,2.03
2012.05.31 13:02:16.080,7.23726,7.23832,2.78,1.17
2012.05.31 13:02:16.223,7.23726,7.23832,2.03,1.17
2012.05.31 13:02:16.413,7.23726,7.23852,2.03,1.90
2012.05.31 13:02:16.732,7.23746,7.23852,2.03,1.20
2012.05.31 13:02:17.284,7.23746,7.23873,2.03,2.10
2012.05.31 13:02:17.359,7.23766,7.23891,2.03,2.85
2012.05.31 13:02:17.430,7.23766,7.23891,2.03,2.78
2012.05.31 13:02:18.053,7.23742,7.23857,2.78,2.03
2012.05.31 13:02:18.124,7.23753,7.23881,2.78,4.80
2012.05.31 13:02:18.313,7.23753,7.23881,2.78,2.03
2012.05.31 13:02:18.739,7.23733,7.2386,2.78,2.03
2012.05.31 13:02:18.809,7.23768,7.23893,2.03,2.03
2012.05.31 13:02:18.939,7.23768,7.23883,2.03,2.03
2012.05.31 13:02:19.009,7.23768,7.23893,2.03,2.03
2012.05.31 13:02:20.244,7.23748,7.23876,2.78,2.78
2012.05.31 13:02:20.554,7.23697,7.23817,2.67,2.03
2012.05.31 13:02:21.136,7.23743,7.2387,2.03,2.03
2012.05.31 13:02:21.212,7.23758,7.23885,2.03,2.78
2012.05.31 13:02:21.459,7.23758,7.23885,2.03,2.03
2012.05.31 13:02:22.880,7.23758,7.23885,2.78,2.03
2012.05.31 13:02:23.223,7.23758,7.23885,2.03,2.03
2012.05.31 13:02:23.409,7.23758,7.23885,2.78,2.78
2012.05.31 13:02:24.098,7.23723,7.23848,2.78,2.03
2012.05.31 13:02:24.451,7.23723,7.23848,2.78,2.03
2012.05.31 13:02:24.582,7.23723,7.23848,2.03,2.03
2012.05.31 13:02:24.652,7.23709,7.23834,2.03,2.03
2012.05.31 13:02:24.959,7.23709,7.23834,2.78,2.03
2012.05.31 13:02:25.089,7.23709,7.23834,2.78,2.03
2012.05.31 13:02:25.331,7.23743,7.23859,2.03,2.03
2012.05.31 13:02:25.404,7.23725,7.23851,2.78,2.03
2012.05.31 13:02:25.730,7.23725,7.23853,2.78,2.03
2012.05.31 13:02:26.292,7.23708,7.23833,2.03,2.03
2012.05.31 13:02:26.479,7.23708,7.23833,2.78,2.03
2012.05.31 13:02:26.549,7.23708,7.23833,2.03,2.03
2012.05.31 13:02:26.680,7.23708,7.23833,2.78,2.03
2012.05.31 13:02:27.123,7.23708,7.23833,2.03,2.03
2012.05.31 13:02:27.248,7.23708,7.23833,2.78,2.03
2012.05.31 13:02:27.319,7.23708,7.23833,2.03,2.03
2012.05.31 13:02:27.390,7.23689,7.23817,2.03,2.03
2012.05.31 13:02:27.460,7.23689,7.23817,2.78,2.03
2012.05.31 13:02:27.527,7.23689,7.23817,2.03,2.03
2012.05.31 13:02:28.760,7.23712,7.23839,2.03,2.03
2012.05.31 13:02:29.249,7.2368,7.23806,2.03,2.03
2012.05.31 13:02:29.917,7.23685,7.23811,2.03,2.03
2012.05.31 13:02:30.450,7.23685,7.23802,2.03,2.03
2012.05.31 13:02:30.527,7.23694,7.2382,2.03,2.03
2012.05.31 13:02:30.661,7.23712,7.23837,2.03,2.03
2012.05.31 13:02:31.919,7.23712,7.23837,2.03,2.78
2012.05.31 13:02:31.988,7.23689,7.23816,2.78,2.78
2012.05.31 13:02:32.901,7.23689,7.23803,2.78,2.58
2012.05.31 13:02:33.488,7.23689,7.23803,2.78,2.58
2012.05.31 13:02:33.565,7.23719,7.23836,2.03,1.50
2012.05.31 13:02:33.773,7.23719,7.23836,2.03,1.50
2012.05.31 13:02:34.773,7.23719,7.23845,2.78,2.78
2012.05.31 13:02:34.957,7.23731,7.23856,2.78,3.53
2012.05.31 13:02:35.520,7.23731,7.23856,2.03,3.53
2012.05.31 13:02:36.967,7.23731,7.23856,2.03,3.53
2012.05.31 13:02:37.046,7.23712,7.23837,2.03,2.78
2012.05.31 13:02:37.179,7.23712,7.23817,2.03,1.13
2012.05.31 13:02:37.499,7.23669,7.23794,2.78,2.78
2012.05.31 13:02:37.813,7.23651,7.23774,1.50,2.78
2012.05.31 13:02:37.953,7.23666,7.23792,2.78,2.78
2012.05.31 13:02:38.761,7.23666,7.23792,2.78,2.78
2012.05.31 13:02:38.832,7.23679,7.23809,2.78,2.78
2012.05.31 13:02:39.159,7.23683,7.23816,2.78,2.78
2012.05.31 13:02:39.229,7.23696,7.23816,1.50,2.78
2012.05.31 13:02:39.300,7.23696,7.23816,1.50,2.78
2012.05.31 13:02:39.645,7.23695,7.23833,2.78,2.78
2012.05.31 13:02:40.701,7.23695,7.23827,2.78,1.50
2012.05.31 13:02:40.772,7.23695,7.23806,2.78,1.50
2012.05.31 13:02:41.180,7.23695,7.23806,2.03,1.50
2012.05.31 13:02:41.254,7.23646,7.23764,1.50,2.78
2012.05.31 13:02:41.421,7.23655,7.23775,1.50,2.78
2012.05.31 13:02:41.490,7.23655,7.23775,1.50,2.78
2012.05.31 13:02:41.847,7.23655,7.23775,1.50,2.78
2012.05.31 13:02:41.979,7.2366,7.23775,1.50,2.78
2012.05.31 13:02:42.654,7.23651,7.23775,1.50,2.78
2012.05.31 13:02:42.880,7.23651,7.23775,1.50,2.78
2012.05.31 13:02:43.249,7.23651,7.23775,1.50,2.78
2012.05.31 13:02:43.452,7.23661,7.23783,3.53,2.78
2012.05.31 13:02:43.640,7.2368,7.23807,2.78,2.78
2012.05.31 13:02:43.839,7.23685,7.23807,1.50,2.78
2012.05.31 13:02:44.109,7.23696,7.23821,2.78,2.78
2012.05.31 13:02:44.238,7.23696,7.23821,2.78,2.78
2012.05.31 13:02:44.370,7.23696,7.23821,2.78,2.78
2012.05.31 13:02:45.223,7.23696,7.23821,2.78,2.78
2012.05.31 13:02:45.549,7.23695,7.23797,1.50,2.03
2012.05.31 13:02:45.678,7.23695,7.23797,1.50,2.03
2012.05.31 13:02:45.751,7.23695,7.23817,1.50,2.78
2012.05.31 13:02:45.820,7.23695,7.23817,1.50,2.78
2012.05.31 13:02:45.889,7.23708,7.23817,1.50,2.78
2012.05.31 13:02:45.959,7.23688,7.23817,1.88,2.78
2012.05.31 13:02:46.031,7.23688,7.23817,1.88,2.03
2012.05.31 13:02:46.101,7.23704,7.23817,1.50,2.03
2012.05.31 13:02:46.171,7.23704,7.23828,1.50,2.03
2012.05.31 13:02:47.109,7.23715,7.23843,2.03,2.03
2012.05.31 13:02:47.380,7.23733,7.23859,2.03,2.03
2012.05.31 13:02:50.738,7.2371,7.23835,2.03,2.03
2012.05.31 13:02:50.871,7.23712,7.23838,2.03,2.03
2012.05.31 13:02:50.999,7.23727,7.23848,2.03,2.03
2012.05.31 13:02:51.129,7.23727,7.23854,2.03,2.03
2012.05.31 13:02:52.109,7.23713,7.23838,2.03,2.03
2012.05.31 13:02:52.439,7.23729,7.23854,2.03,2.03
2012.05.31 13:02:52.740,7.23712,7.23837,2.03,2.03
2012.05.31 13:02:53.049,7.23709,7.23834,2.03,2.03
2012.05.31 13:02:53.709,7.23727,7.23852,2.03,2.03
2012.05.31 13:02:53.785,7.23711,7.23839,2.03,2.03
2012.05.31 13:02:54.015,7.23727,7.23854,2.03,2.03
2012.05.31 13:02:55.425,7.23727,7.23854,2.78,2.03
2012.05.31 13:02:58.024,7.23747,7.23873,2.03,2.78
2012.05.31 13:02:58.354,7.23722,7.23847,4.80,2.78
2012.05.31 13:02:59.319,7.23698,7.23819,2.67,2.03
2012.05.31 13:02:59.392,7.23698,7.23819,2.67,2.03
2012.05.31 13:02:59.582,7.23724,7.2385,2.78,2.78
2012.05.31 13:02:59.720,7.23724,7.2385,2.03,2.78
2012.05.31 13:02:59.791,7.23707,7.23834,2.03,2.03
2012.05.31 13:02:59.919,7.23707,7.23834,2.78,2.03
2012.05.31 13:02:59.988,7.23707,7.23834,2.03,2.03
2012.05.31 13:03:00.061,7.23707,7.23834,2.78,2.03
2012.05.31 13:03:00.506,7.23698,7.23819,2.67,2.03
2012.05.31 13:03:00.854,7.23711,7.23837,2.78,2.78
2012.05.31 13:03:01.059,7.23711,7.23837,2.03,2.78
2012.05.31 13:03:01.249,7.23711,7.23837,2.78,2.78
2012.05.31 13:03:01.322,7.23698,7.23821,2.67,2.03
2012.05.31 13:03:01.449,7.23698,7.23821,2.67,2.03
2012.05.31 13:03:01.520,7.23698,7.23821,2.67,2.03
2012.05.31 13:03:01.649,7.23698,7.23802,2.67,2.03
2012.05.31 13:03:01.987,7.23698,7.23802,2.67,2.03
2012.05.31 13:03:02.249,7.23698,7.23802,1.92,2.03
2012.05.31 13:03:02.671,7.23698,7.23802,2.67,2.03
2012.05.31 13:03:09.369,7.23698,7.23817,2.67,2.03
2012.05.31 13:03:09.947,7.23698,7.23799,2.67,2.03
2012.05.31 13:03:10.169,7.23698,7.23821,2.67,2.03
2012.05.31 13:03:10.703,7.23698,7.23807,2.67,2.03
2012.05.31 13:03:10.832,7.23732,7.2383,2.03,2.03
2012.05.31 13:03:10.904,7.23732,7.23857,2.03,2.03
2012.05.31 13:03:11.220,7.23739,7.23864,2.03,2.03
2012.05.31 13:03:11.679,7.23723,7.23848,2.78,2.03
2012.05.31 13:03:12.814,7.23739,7.23865,2.03,2.03
2012.05.31 13:03:14.674,7.23754,7.2388,2.03,2.03
2012.05.31 13:03:15.114,7.23736,7.23861,2.03,2.03
2012.05.31 13:03:16.332,7.23709,7.23836,2.78,2.03
2012.05.31 13:03:16.641,7.23736,7.2386,2.78,2.03
2012.05.31 13:03:16.713,7.23736,7.23864,2.78,2.03
2012.05.31 13:03:16.905,7.23755,7.23881,2.03,2.03
2012.05.31 13:03:18.271,7.23732,7.2386,2.78,2.03
2012.05.31 13:03:18.925,7.23698,7.2382,2.67,2.03
2012.05.31 13:03:19.269,7.23698,7.23804,2.67,2.03
2012.05.31 13:03:19.580,7.23698,7.23804,2.67,2.03
2012.05.31 13:03:20.319,7.23698,7.23804,2.67,2.03
2012.05.31 13:03:20.458,7.23698,7.23804,2.67,2.03
2012.05.31 13:03:20.748,7.23698,7.23804,2.67,2.03
2012.05.31 13:03:20.968,7.23698,7.23804,2.67,2.03
2012.05.31 13:03:21.267,7.23679,7.23804,2.03,2.78
2012.05.31 13:03:21.342,7.23679,7.23804,2.78,2.78
2012.05.31 13:03:22.049,7.23687,7.23797,1.50,2.03
2012.05.31 13:03:23.030,7.2369,7.23816,2.78,1.50
2012.05.31 13:03:23.458,7.23697,7.2381,1.50,2.78
2012.05.31 13:03:23.529,7.23683,7.2381,2.78,2.78
2012.05.31 13:03:23.760,7.23697,7.2381,1.50,2.78
2012.05.31 13:03:24.760,7.23694,7.2381,1.50,2.78
2012.05.31 13:03:24.827,7.23698,7.2381,1.50,2.78
2012.05.31 13:03:25.454,7.23698,7.2381,1.50,2.03
2012.05.31 13:03:25.773,7.23741,7.23862,1.50,2.58
2012.05.31 13:03:25.904,7.23718,7.23833,1.50,2.03
2012.05.31 13:03:25.970,7.23708,7.23833,2.78,2.78
2012.05.31 13:03:26.221,7.23708,7.23827,2.78,2.78
2012.05.31 13:03:26.540,7.23688,7.23803,1.50,2.03
2012.05.31 13:03:26.674,7.237,7.23827,2.78,2.78
2012.05.31 13:03:26.931,7.23682,7.23808,2.78,2.78
2012.05.31 13:03:27.224,7.23667,7.23794,2.78,2.78
2012.05.31 13:03:27.571,7.23667,7.23794,2.78,2.78
2012.05.31 13:03:27.882,7.23659,7.23775,2.78,2.03
2012.05.31 13:03:28.532,7.23668,7.23794,2.78,2.78
2012.05.31 13:03:30.331,7.23648,7.23773,2.67,2.03
2012.05.31 13:03:30.850,7.23648,7.23773,2.67,2.78
2012.05.31 13:03:31.679,7.23662,7.23787,2.78,2.78
2012.05.31 13:03:32.266,7.23662,7.23787,2.78,2.78
2012.05.31 13:03:33.269,7.23648,7.23771,2.67,2.78
2012.05.31 13:03:33.521,7.23657,7.23771,1.50,2.78
2012.05.31 13:03:33.839,7.23683,7.23807,2.78,1.50
2012.05.31 13:03:33.911,7.23688,7.23787,1.50,2.03
2012.05.31 13:03:34.100,7.23688,7.23787,1.50,2.03
2012.05.31 13:03:34.346,7.23695,7.2382,2.78,2.78
2012.05.31 13:03:35.417,7.23695,7.238,2.78,1.50
2012.05.31 13:03:35.849,7.23688,7.23792,1.50,1.50
2012.05.31 13:03:36.015,7.23688,7.23801,1.50,1.50
2012.05.31 13:03:36.332,7.23678,7.23801,3.53,1.50
2012.05.31 13:03:36.458,7.23678,7.23787,1.50,1.50
2012.05.31 13:03:36.920,7.23668,7.23787,1.50,1.50
2012.05.31 13:03:36.997,7.23668,7.2378,1.50,1.50
2012.05.31 13:03:37.070,7.23668,7.23773,1.50,1.50
2012.05.31 13:03:37.914,7.23657,7.23771,1.50,2.78
2012.05.31 13:03:37.997,7.23657,7.23766,1.50,1.50
2012.05.31 13:03:38.496,7.23657,7.23753,1.50,2.03
2012.05.31 13:03:38.700,7.23648,7.23753,2.67,2.03
2012.05.31 13:03:38.932,7.23648,7.23753,2.67,2.78
2012.05.31 13:03:39.273,7.23628,7.23687,2.03,2.03
2012.05.31 13:03:39.340,7.23591,7.23687,1.13,2.03
2012.05.31 13:03:39.414,7.23591,7.23687,1.13,2.78
2012.05.31 13:03:39.491,7.23591,7.23663,1.13,2.03
2012.05.31 13:03:39.621,7.23548,7.23663,1.50,2.03
2012.05.31 13:03:40.084,7.23578,7.23684,1.50,2.03
2012.05.31 13:03:40.232,7.23588,7.23707,2.78,1.50
2012.05.31 13:03:40.447,7.23588,7.23713,2.78,2.78
2012.05.31 13:03:41.382,7.23588,7.23713,2.78,2.03
2012.05.31 13:03:41.541,7.23588,7.23713,2.78,2.78
2012.05.31 13:03:41.973,7.23588,7.23713,2.78,2.78
2012.05.31 13:03:42.300,7.23561,7.2368,1.50,2.03
2012.05.31 13:03:42.504,7.23561,7.2368,1.50,2.03
2012.05.31 13:03:42.832,7.23561,7.2368,1.50,2.78
2012.05.31 13:03:45.190,7.23547,7.2366,1.50,2.03
2012.05.31 13:03:45.321,7.23537,7.2366,1.50,2.03
2012.05.31 13:03:45.582,7.2355,7.23677,2.78,2.78
2012.05.31 13:03:45.651,7.23537,7.23662,1.50,2.03
2012.05.31 13:03:45.719,7.23537,7.23662,1.50,2.03
2012.05.31 13:03:46.601,7.23553,7.23679,2.78,2.78
2012.05.31 13:03:46.676,7.23553,7.23679,2.78,2.78
2012.05.31 13:03:47.020,7.23573,7.237,2.78,2.78
2012.05.31 13:03:47.361,7.23609,7.23706,2.03,1.50
2012.05.31 13:03:47.682,7.23609,7.23706,2.03,1.50
2012.05.31 13:03:47.822,7.23584,7.23672,2.03,2.78
2012.05.31 13:03:47.892,7.23547,7.23672,2.78,2.78
2012.05.31 13:03:48.094,7.23562,7.23687,2.78,2.78
2012.05.31 13:03:48.412,7.23561,7.23688,2.78,2.78
2012.05.31 13:03:49.055,7.23561,7.23688,2.78,2.78
2012.05.31 13:03:49.132,7.23561,7.23688,2.78,2.78
2012.05.31 13:03:49.259,7.23561,7.23688,2.78,2.78
2012.05.31 13:03:52.650,7.23561,7.23688,2.78,2.78
2012.05.31 13:03:52.976,7.23561,7.23688,2.78,2.78
2012.05.31 13:03:53.635,7.23579,7.23688,1.50,2.78
2012.05.31 13:03:53.971,7.23607,7.23714,1.50,2.03
2012.05.31 13:03:54.042,7.23625,7.23752,2.03,2.78
2012.05.31 13:03:54.882,7.23625,7.23752,2.78,2.78
2012.05.31 13:03:56.342,7.23611,7.23737,2.78,2.78
2012.05.31 13:04:02.818,7.23632,7.23758,2.03,2.78
2012.05.31 13:04:03.067,7.23614,7.23741,2.78,2.78
2012.05.31 13:04:03.779,7.23614,7.23741,2.78,2.78
2012.05.31 13:04:04.194,7.23635,7.23763,2.03,2.78
2012.05.31 13:04:04.323,7.23656,7.23766,2.78,1.50
2012.05.31 13:04:04.390,7.23675,7.23783,2.03,2.58
2012.05.31 13:04:04.603,7.23675,7.23783,2.03,2.58
2012.05.31 13:04:04.860,7.23684,7.23783,2.03,2.58
2012.05.31 13:04:05.070,7.23669,7.23773,2.03,2.58
2012.05.31 13:04:05.259,7.23669,7.23773,2.78,2.58
2012.05.31 13:04:05.769,7.23669,7.23773,2.03,2.58
2012.05.31 13:04:06.669,7.23631,7.23764,2.78,2.78
2012.05.31 13:04:06.814,7.23631,7.23764,2.78,2.78
2012.05.31 13:04:06.885,7.23631,7.23747,2.03,1.50
2012.05.31 13:04:06.970,7.23605,7.23733,1.50,2.78
2012.05.31 13:04:07.113,7.23578,7.23716,2.78,2.03
2012.05.31 13:04:07.422,7.23596,7.23727,2.78,2.78
2012.05.31 13:04:08.950,7.23596,7.23722,2.78,1.50
2012.05.31 13:04:09.607,7.2355,7.23681,2.78,2.03
2012.05.31 13:04:10.163,7.23549,7.2368,2.78,2.03
2012.05.31 13:04:11.123,7.23549,7.2368,2.78,2.78
2012.05.31 13:04:11.453,7.23525,7.23661,2.78,2.03
2012.05.31 13:04:12.309,7.23525,7.23661,2.78,2.03
2012.05.31 13:04:12.858,7.23541,7.23672,2.78,2.78
2012.05.31 13:04:14.063,7.23541,7.23672,2.78,2.03
2012.05.31 13:04:14.668,7.23582,7.23672,1.54,2.03
2012.05.31 13:04:15.133,7.23582,7.23672,1.42,2.03
2012.05.31 13:04:15.198,7.2357,7.23672,1.25,2.78
2012.05.31 13:04:15.552,7.23541,7.23672,2.78,2.78
2012.05.31 13:04:16.632,7.23552,7.23688,2.78,2.78
2012.05.31 13:04:16.950,7.23552,7.23688,2.78,2.78
2012.05.31 13:04:17.643,7.23551,7.23689,2.78,2.78
2012.05.31 13:04:18.699,7.23551,7.23689,2.78,2.78
2012.05.31 13:04:18.951,7.23551,7.23689,2.78,2.78
2012.05.31 13:04:19.273,7.23551,7.23689,2.78,2.78
2012.05.31 13:04:19.591,7.23595,7.23733,2.03,2.78
2012.05.31 13:04:19.901,7.23612,7.23736,2.03,1.50
2012.05.31 13:04:21.001,7.23612,7.23742,2.78,2.78
2012.05.31 13:04:21.541,7.23612,7.23733,2.03,1.50
2012.05.31 13:04:21.610,7.23595,7.23717,2.78,1.50
2012.05.31 13:04:21.740,7.23595,7.23717,2.78,1.50
2012.05.31 13:04:22.088,7.23585,7.23717,2.78,1.50
2012.05.31 13:04:24.709,7.23585,7.23704,2.78,1.50
2012.05.31 13:04:24.783,7.23585,7.23702,2.78,1.50
2012.05.31 13:04:24.914,7.23585,7.23718,2.78,2.03
2012.05.31 13:04:24.992,7.23604,7.23732,2.78,2.58
2012.05.31 13:04:25.554,7.23636,7.23732,2.78,1.83
2012.05.31 13:04:25.760,7.23636,7.23732,2.03,1.83
2012.05.31 13:04:25.888,7.23636,7.23732,2.78,1.83
2012.05.31 13:04:26.109,7.23636,7.23732,2.03,1.83
2012.05.31 13:04:26.358,7.23636,7.23732,2.78,1.83
2012.05.31 13:04:26.428,7.23636,7.23732,2.03,1.83
2012.05.31 13:04:26.557,7.23636,7.23732,2.78,1.83
2012.05.31 13:04:26.689,7.23636,7.23732,2.03,1.83
2012.05.31 13:04:26.819,7.23636,7.23732,2.78,1.83
2012.05.31 13:04:26.950,7.23636,7.23732,2.03,2.58
2012.05.31 13:04:27.019,7.2362,7.23732,2.03,2.58
2012.05.31 13:04:27.159,7.2362,7.23732,2.78,1.83
2012.05.31 13:04:27.360,7.2362,7.23732,2.78,2.58
2012.05.31 13:04:35.798,7.23611,7.23732,2.78,2.58
2012.05.31 13:04:35.992,7.23611,7.23732,2.78,2.58
2012.05.31 13:04:36.554,7.23611,7.23732,2.78,2.58
2012.05.31 13:04:36.630,7.23611,7.23732,2.78,2.58
2012.05.31 13:04:36.762,7.23611,7.23732,2.78,2.58
2012.05.31 13:04:37.068,7.23611,7.23732,2.78,2.58
2012.05.31 13:04:37.311,7.23611,7.23732,2.78,2.58
2012.05.31 13:04:37.501,7.23586,7.23713,2.78,2.03
2012.05.31 13:04:37.811,7.23566,7.23693,2.78,2.03
2012.05.31 13:04:38.082,7.23566,7.23693,2.78,2.03
2012.05.31 13:04:38.150,7.23583,7.23708,2.78,2.78
2012.05.31 13:04:38.291,7.23604,7.23722,2.03,1.50
2012.05.31 13:04:38.718,7.23604,7.2373,2.78,2.78
2012.05.31 13:04:38.792,7.23604,7.2373,2.78,2.78
2012.05.31 13:04:39.568,7.23604,7.23723,2.78,1.50
2012.05.31 13:04:39.760,7.23604,7.23723,2.78,1.50
2012.05.31 13:04:40.000,7.23604,7.2373,2.78,2.78
2012.05.31 13:04:40.355,7.23604,7.2373,2.78,2.78
2012.05.31 13:04:41.048,7.23586,7.23713,2.78,2.03
2012.05.31 13:04:41.367,7.23567,7.23693,2.78,2.03
2012.05.31 13:04:41.689,7.23556,7.23681,2.78,2.03
2012.05.31 13:04:42.049,7.23556,7.23681,2.78,2.03
2012.05.31 13:04:42.402,7.23556,7.23681,2.78,2.03
2012.05.31 13:04:42.641,7.23557,7.23681,2.78,2.03
2012.05.31 13:04:42.859,7.2358,7.23702,2.78,1.50
2012.05.31 13:04:42.929,7.23563,7.23691,2.78,2.03
2012.05.31 13:04:43.058,7.23563,7.23691,2.78,2.03
2012.05.31 13:04:43.384,7.23563,7.23691,2.78,2.03
2012.05.31 13:04:43.690,7.23563,7.23691,2.78,2.03
2012.05.31 13:04:43.888,7.23563,7.23691,2.78,2.03
2012.05.31 13:04:44.542,7.23563,7.23691,2.78,2.78
2012.05.31 13:04:44.728,7.23563,7.23691,2.78,2.03
2012.05.31 13:04:46.359,7.23563,7.23691,2.78,2.78
2012.05.31 13:04:46.562,7.23535,7.23657,1.50,2.03
2012.05.31 13:04:46.703,7.23558,7.23683,2.78,2.78
2012.05.31 13:04:46.774,7.23558,7.23683,2.78,2.03
2012.05.31 13:04:47.098,7.23558,7.23683,2.78,2.78
2012.05.31 13:04:47.673,7.23558,7.23683,2.78,2.03
2012.05.31 13:04:48.379,7.23558,7.23683,2.78,2.78
2012.05.31 13:04:48.618,7.23558,7.23683,2.78,2.03
2012.05.31 13:04:48.798,7.23558,7.23683,2.78,2.78
2012.05.31 13:04:48.997,7.23558,7.23683,2.78,2.03
2012.05.31 13:04:49.336,7.23558,7.23683,2.78,2.78
2012.05.31 13:04:49.541,7.23558,7.23683,2.78,2.03
2012.05.31 13:04:49.811,7.23569,7.23707,2.78,4.80
2012.05.31 13:04:49.879,7.23569,7.23707,2.78,2.78
2012.05.31 13:04:50.240,7.23569,7.23707,2.78,2.78
2012.05.31 13:04:50.559,7.23569,7.23707,2.78,2.78
2012.05.31 13:04:50.869,7.23569,7.23703,2.78,1.50
2012.05.31 13:04:51.452,7.23569,7.23702,2.78,1.50
2012.05.31 13:04:52.580,7.23559,7.23691,2.78,2.03
2012.05.31 13:04:53.719,7.23559,7.23691,2.78,2.78
2012.05.31 13:04:54.029,7.23559,7.23691,2.78,2.03
2012.05.31 13:04:55.161,7.2359,7.23703,2.78,1.50
2012.05.31 13:04:55.477,7.23597,7.23713,2.78,1.50
2012.05.31 13:04:55.870,7.23579,7.23704,2.78,1.50
2012.05.31 13:04:56.065,7.23562,7.2369,2.78,1.50
2012.05.31 13:04:56.204,7.23562,7.23693,2.78,2.78
2012.05.31 13:04:56.765,7.23536,7.23663,2.78,2.78
2012.05.31 13:04:57.040,7.23531,7.23661,2.78,2.03
2012.05.31 13:04:57.180,7.23531,7.23661,2.78,2.78
2012.05.31 13:04:57.440,7.23544,7.23661,1.50,2.03
2012.05.31 13:04:57.512,7.23551,7.23684,2.78,2.78
2012.05.31 13:04:57.850,7.23551,7.23684,2.78,2.03
2012.05.31 13:04:57.980,7.23563,7.23695,2.78,1.50
2012.05.31 13:04:58.619,7.23563,7.23695,2.78,1.50
2012.05.31 13:04:59.581,7.23552,7.23685,2.78,2.78
2012.05.31 13:05:00.307,7.23552,7.23679,2.78,1.50
2012.05.31 13:05:00.510,7.23552,7.23683,2.78,1.50
2012.05.31 13:05:00.960,7.23552,7.23679,2.78,1.50
2012.05.31 13:05:01.141,7.23552,7.23673,2.78,1.50
2012.05.31 13:05:01.532,7.23552,7.23673,2.78,1.50
2012.05.31 13:05:01.870,7.23552,7.23658,2.78,1.50
2012.05.31 13:05:02.070,7.23539,7.23658,2.78,1.50
2012.05.31 13:05:02.141,7.23518,7.23644,2.67,1.50
2012.05.31 13:05:02.272,7.23518,7.23655,2.67,3.53
2012.05.31 13:05:02.463,7.23518,7.23642,2.67,1.50
2012.05.31 13:05:02.719,7.23518,7.23642,2.67,1.50
2012.05.31 13:05:03.442,7.23518,7.23636,2.67,1.50
2012.05.31 13:05:03.645,7.23496,7.23629,2.78,2.78
2012.05.31 13:05:04.059,7.23496,7.23615,2.78,1.50
2012.05.31 13:05:04.392,7.23534,7.23635,2.03,1.50
2012.05.31 13:05:04.461,7.23534,7.23632,2.03,1.50
2012.05.31 13:05:04.589,7.23534,7.2362,2.03,1.50
2012.05.31 13:05:04.660,7.23534,7.2362,2.03,1.50
2012.05.31 13:05:04.730,7.23519,7.23641,2.78,1.50
2012.05.31 13:05:04.862,7.23531,7.23641,2.03,1.50
2012.05.31 13:05:04.991,7.23531,7.23643,2.03,1.50
2012.05.31 13:05:05.431,7.23531,7.2365,2.78,1.50
2012.05.31 13:05:05.626,7.23531,7.23632,2.78,1.50
2012.05.31 13:05:05.889,7.2353,7.23651,2.78,1.50
2012.05.31 13:05:05.961,7.23542,7.23651,2.03,1.50
2012.05.31 13:05:06.031,7.23542,7.23653,2.03,1.50
2012.05.31 13:05:06.101,7.23529,7.2366,2.78,2.78
2012.05.31 13:05:06.321,7.23529,7.23653,2.78,1.50
2012.05.31 13:05:06.761,7.23529,7.2365,2.78,1.50
2012.05.31 13:05:07.088,7.23529,7.23653,2.78,1.50
2012.05.31 13:05:07.358,7.23529,7.23653,2.78,1.50
2012.05.31 13:05:07.563,7.23563,7.23673,2.03,1.50
2012.05.31 13:05:08.060,7.23563,7.23672,2.78,1.50
2012.05.31 13:05:08.391,7.23563,7.23672,2.03,1.50
2012.05.31 13:05:08.458,7.23563,7.23672,2.78,1.50
2012.05.31 13:05:08.790,7.23563,7.23672,2.03,1.50
2012.05.31 13:05:09.169,7.23563,7.23672,2.78,1.50
2012.05.31 13:05:09.719,7.23563,7.23662,2.03,1.50
2012.05.31 13:05:10.136,7.23542,7.23646,2.78,1.50
2012.05.31 13:05:10.215,7.23542,7.23646,2.78,1.50
2012.05.31 13:05:10.410,7.23542,7.23655,2.78,1.50
2012.05.31 13:05:10.728,7.23542,7.23642,2.03,1.50
2012.05.31 13:05:11.389,7.23542,7.23654,2.78,1.50
2012.05.31 13:05:11.668,7.23542,7.23633,2.03,1.50
2012.05.31 13:05:11.921,7.23542,7.23649,2.78,1.50
2012.05.31 13:05:12.129,7.23542,7.23633,2.03,1.50
2012.05.31 13:05:12.330,7.23542,7.23662,2.78,1.50
2012.05.31 13:05:12.698,7.23542,7.23662,2.78,1.50
2012.05.31 13:05:13.260,7.23542,7.23673,2.78,1.50
2012.05.31 13:05:13.792,7.23542,7.23663,2.78,1.50
2012.05.31 13:05:14.019,7.23542,7.23672,2.78,1.50
2012.05.31 13:05:14.207,7.23542,7.23672,2.78,1.50
2012.05.31 13:05:14.509,7.23542,7.23672,2.78,1.50
2012.05.31 13:05:14.829,7.23542,7.23672,2.78,1.50
2012.05.31 13:05:14.987,7.23542,7.23672,2.78,1.50
2012.05.31 13:05:15.162,7.23542,7.23672,2.78,1.50
2012.05.31 13:05:15.828,7.23542,7.23672,2.78,1.50
2012.05.31 13:05:16.043,7.23542,7.23672,2.78,1.50
2012.05.31 13:05:16.278,7.23542,7.23672,2.78,1.50
2012.05.31 13:05:16.528,7.23542,7.23672,2.78,1.50
2012.05.31 13:05:16.717,7.23542,7.23672,2.78,1.50
2012.05.31 13:05:16.921,7.23542,7.23672,2.78,1.50
2012.05.31 13:05:17.613,7.23542,7.23672,2.78,1.50
2012.05.31 13:05:17.941,7.23617,7.23692,2.03,1.50
2012.05.31 13:05:18.380,7.23617,7.23692,2.03,1.50
2012.05.31 13:05:19.111,7.23604,7.23692,2.03,1.50
2012.05.31 13:05:19.529,7.23604,7.23692,2.03,1.50
2012.05.31 13:05:19.719,7.23604,7.23692,2.03,1.50
2012.05.31 13:05:20.028,7.23604,7.23692,2.03,1.50
2012.05.31 13:05:20.269,7.23604,7.23692,2.03,1.50
2012.05.31 13:05:20.581,7.23584,7.23684,2.78,1.50
2012.05.31 13:05:20.651,7.23584,7.23692,2.78,1.50
2012.05.31 13:05:21.099,7.23572,7.23692,2.78,1.50
2012.05.31 13:05:21.450,7.23584,7.23692,2.03,1.50
2012.05.31 13:05:21.787,7.236,7.23692,2.03,1.50
2012.05.31 13:05:22.101,7.23601,7.23733,2.03,1.50
2012.05.31 13:05:22.230,7.23613,7.23733,2.03,1.50
2012.05.31 13:05:22.357,7.23613,7.23733,2.03,1.50
2012.05.31 13:05:22.552,7.236,7.23722,2.03,1.50
2012.05.31 13:05:22.619,7.236,7.23722,2.78,1.50
2012.05.31 13:05:22.938,7.23585,7.23718,2.78,2.78
2012.05.31 13:05:23.008,7.23585,7.23718,2.78,2.78
2012.05.31 13:05:23.350,7.23585,7.23718,2.78,2.78
2012.05.31 13:05:23.628,7.23608,7.23722,2.03,1.50
2012.05.31 13:05:23.879,7.23608,7.23722,2.78,1.50
2012.05.31 13:05:24.191,7.23608,7.23723,2.03,1.50
2012.05.31 13:05:24.329,7.23608,7.23732,2.78,1.50
2012.05.31 13:05:24.751,7.23608,7.23732,2.03,1.50
2012.05.31 13:05:24.951,7.23608,7.23722,2.78,1.50
2012.05.31 13:05:25.158,7.23608,7.23722,2.03,1.50
2012.05.31 13:05:25.304,7.23608,7.23722,2.78,1.50
2012.05.31 13:05:25.558,7.23608,7.23722,2.03,1.50
2012.05.31 13:05:25.908,7.23608,7.23722,2.78,1.50
2012.05.31 13:05:26.073,7.23608,7.23722,2.03,1.50
2012.05.31 13:05:26.317,7.23608,7.23722,2.78,1.50
2012.05.31 13:05:26.538,7.23608,7.23722,2.03,1.50
2012.05.31 13:05:26.858,7.23608,7.23722,2.78,1.50
2012.05.31 13:05:27.227,7.23608,7.23722,2.03,1.50
2012.05.31 13:05:27.299,7.23608,7.23722,2.78,1.50
2012.05.31 13:05:27.811,7.23608,7.23732,2.03,1.50
2012.05.31 13:05:27.940,7.23608,7.23732,2.78,1.50
2012.05.31 13:05:28.129,7.23608,7.23741,2.78,2.78
2012.05.31 13:05:28.442,7.23639,7.23762,2.03,1.50
2012.05.31 13:05:28.511,7.23639,7.23767,2.03,1.50
2012.05.31 13:05:28.702,7.23639,7.23777,2.78,2.78
2012.05.31 13:05:28.899,7.23654,7.23791,2.03,1.50
2012.05.31 13:05:29.473,7.23654,7.23791,2.78,1.50
2012.05.31 13:05:29.600,7.23674,7.23791,2.03,1.50
2012.05.31 13:05:30.048,7.23674,7.23791,2.03,1.50
2012.05.31 13:05:30.126,7.23674,7.23783,2.03,1.50
2012.05.31 13:05:30.199,7.23674,7.23783,2.03,1.50
2012.05.31 13:05:30.400,7.23674,7.23791,2.03,1.50
2012.05.31 13:05:30.663,7.23674,7.23791,2.03,1.50
2012.05.31 13:05:31.272,7.23664,7.23795,2.78,2.78
2012.05.31 13:05:31.397,7.23664,7.23795,2.78,2.78
2012.05.31 13:05:31.741,7.23664,7.23795,2.78,2.78
2012.05.31 13:05:32.131,7.23664,7.23795,2.03,2.78
2012.05.31 13:05:32.460,7.23651,7.23778,2.78,2.03
2012.05.31 13:05:33.021,7.23669,7.23794,2.03,2.78
2012.05.31 13:05:33.089,7.23669,7.23794,2.78,2.78
2012.05.31 13:05:33.479,7.23669,7.23794,2.03,2.78
2012.05.31 13:05:33.729,7.23669,7.23793,2.03,1.50
2012.05.31 13:05:35.259,7.23669,7.23793,2.03,1.50
2012.05.31 13:05:35.334,7.23651,7.23777,2.78,2.78
2012.05.31 13:05:35.408,7.23651,7.23777,2.78,2.78
2012.05.31 13:05:35.699,7.23651,7.23777,2.78,2.78
2012.05.31 13:05:35.838,7.23651,7.23777,2.78,2.78
2012.05.31 13:05:36.201,7.23651,7.23777,2.78,2.78
2012.05.31 13:05:36.421,7.23651,7.23777,2.78,2.78
2012.05.31 13:05:36.700,7.23651,7.23777,2.78,2.78
2012.05.31 13:05:37.020,7.23651,7.23777,2.78,2.78
2012.05.31 13:05:37.244,7.23651,7.23777,2.78,2.78
2012.05.31 13:05:37.368,7.23663,7.23783,2.03,1.50
2012.05.31 13:05:37.558,7.23663,7.23792,2.78,1.50
2012.05.31 13:05:37.719,7.23663,7.23792,2.03,1.50
2012.05.31 13:05:37.937,7.23663,7.23792,2.78,1.50
2012.05.31 13:05:38.280,7.23663,7.23782,2.03,1.50
2012.05.31 13:05:38.559,7.23663,7.23782,2.78,1.50
2012.05.31 13:05:38.778,7.23663,7.23782,2.03,1.50
2012.05.31 13:05:38.970,7.23663,7.23782,2.78,1.50
2012.05.31 13:05:39.939,7.23663,7.23793,2.03,1.50
2012.05.31 13:05:40.070,7.23663,7.23793,2.78,1.50
2012.05.31 13:05:40.138,7.23663,7.23793,2.03,1.50
2012.05.31 13:05:40.491,7.23663,7.23783,2.78,1.50
2012.05.31 13:05:40.810,7.23663,7.23783,2.03,1.50
2012.05.31 13:05:41.059,7.23663,7.23783,2.78,1.50
2012.05.31 13:05:41.410,7.23663,7.23783,2.03,1.50
2012.05.31 13:05:41.478,7.23663,7.23783,2.78,1.50
2012.05.31 13:05:41.721,7.23663,7.23783,2.03,1.50
2012.05.31 13:05:42.067,7.23663,7.23783,2.78,1.50
2012.05.31 13:05:42.407,7.23663,7.23783,2.03,1.50
2012.05.31 13:05:42.490,7.23663,7.23783,2.78,1.50
2012.05.31 13:05:42.688,7.23663,7.23783,2.03,1.50
2012.05.31 13:05:42.880,7.23663,7.23783,2.78,1.50
2012.05.31 13:05:43.461,7.23663,7.23783,2.03,1.50
2012.05.31 13:05:43.621,7.23663,7.23783,2.78,1.50
2012.05.31 13:05:43.810,7.23662,7.23795,2.03,2.78
2012.05.31 13:05:43.882,7.2368,7.23803,2.03,1.50
2012.05.31 13:05:44.188,7.2368,7.23803,2.03,1.50
2012.05.31 13:05:44.323,7.23668,7.23795,2.03,2.78
2012.05.31 13:05:44.680,7.23668,7.23795,2.78,2.78
2012.05.31 13:05:45.010,7.23668,7.23795,2.03,2.78
2012.05.31 13:05:45.178,7.23668,7.23795,2.78,2.78
2012.05.31 13:05:45.308,7.23668,7.23795,2.78,2.78
2012.05.31 13:05:45.599,7.23668,7.23792,2.03,1.50
2012.05.31 13:05:45.759,7.23652,7.23777,2.78,2.78
2012.05.31 13:05:45.890,7.23652,7.23777,2.78,2.78
2012.05.31 13:05:46.149,7.23652,7.23777,2.78,2.78
2012.05.31 13:05:46.339,7.23652,7.23777,2.78,2.78
2012.05.31 13:05:46.543,7.23652,7.23777,2.78,2.78
2012.05.31 13:05:46.847,7.23652,7.23777,2.78,2.78
2012.05.31 13:05:47.259,7.23652,7.23777,2.78,2.78
2012.05.31 13:05:47.388,7.23652,7.23777,2.78,2.78
2012.05.31 13:05:47.719,7.23666,7.23793,2.03,2.78
2012.05.31 13:05:47.788,7.23666,7.23793,2.78,2.78
2012.05.31 13:05:48.120,7.23666,7.23793,2.03,2.78
2012.05.31 13:05:48.392,7.23666,7.23793,2.78,2.78
2012.05.31 13:05:48.710,7.23666,7.23793,2.03,2.78
2012.05.31 13:05:48.781,7.23666,7.23793,2.78,2.78
2012.05.31 13:05:49.033,7.23666,7.23793,2.03,2.78
2012.05.31 13:05:49.283,7.23666,7.23793,2.78,2.78
2012.05.31 13:05:49.652,7.23664,7.23792,2.78,2.78
2012.05.31 13:05:50.022,7.23648,7.23773,2.78,2.03
2012.05.31 13:05:50.089,7.23648,7.23773,2.78,2.03
2012.05.31 13:05:50.408,7.23648,7.23773,2.78,2.78
2012.05.31 13:05:50.718,7.23648,7.23773,2.78,2.78
2012.05.31 13:05:51.386,7.23648,7.23773,2.78,2.03
2012.05.31 13:05:51.878,7.23648,7.23773,2.78,2.78
2012.05.31 13:05:52.039,7.23648,7.23773,2.78,2.03
2012.05.31 13:05:52.369,7.23648,7.23773,2.78,2.78
2012.05.31 13:05:52.500,7.23648,7.23773,2.78,2.78
2012.05.31 13:05:52.771,7.23648,7.23773,2.78,2.78
2012.05.31 13:05:53.019,7.23648,7.23773,2.78,2.78
2012.05.31 13:05:53.343,7.23648,7.23773,2.78,2.78
2012.05.31 13:05:53.838,7.23648,7.23773,2.78,2.78
2012.05.31 13:05:54.047,7.23648,7.23773,2.78,2.78
2012.05.31 13:05:54.312,7.23648,7.23773,2.78,2.78
2012.05.31 13:05:54.680,7.23648,7.23773,2.78,2.78
2012.05.31 13:05:54.907,7.23648,7.23773,2.78,2.78
2012.05.31 13:05:54.977,7.23648,7.23773,2.78,2.78
2012.05.31 13:05:55.351,7.23654,7.23782,2.03,2.78
2012.05.31 13:05:55.669,7.23654,7.23782,2.78,2.78
2012.05.31 13:05:56.040,7.23654,7.23782,2.78,2.78
2012.05.31 13:05:56.302,7.23671,7.23792,2.03,1.50
2012.05.31 13:05:56.934,7.23654,7.23779,2.78,2.78
2012.05.31 13:05:57.281,7.23654,7.23779,2.78,2.78
2012.05.31 13:05:57.417,7.23654,7.23779,2.78,2.78
2012.05.31 13:05:57.788,7.23654,7.23779,2.78,2.78
2012.05.31 13:05:57.861,7.23654,7.23779,2.78,2.78
2012.05.31 13:05:58.078,7.23654,7.23779,2.78,2.78
2012.05.31 13:05:58.399,7.23638,7.23763,2.78,2.78
2012.05.31 13:05:58.530,7.23638,7.23763,2.78,2.78
2012.05.31 13:05:58.846,7.23638,7.23763,2.78,2.78
2012.05.31 13:05:58.983,7.23627,7.23746,2.67,2.78
2012.05.31 13:05:59.173,7.23627,7.23729,2.67,2.03
2012.05.31 13:05:59.500,7.23589,7.23714,2.78,2.03
2012.05.31 13:05:59.570,7.23589,7.23714,2.78,2.78
2012.05.31 13:05:59.700,7.23606,7.23732,2.03,1.50
2012.05.31 13:05:59.971,7.23606,7.23732,2.03,1.50
2012.05.31 13:06:00.194,7.23584,7.23709,2.78,2.03
2012.05.31 13:06:00.269,7.236,7.23722,2.78,1.50
2012.05.31 13:06:00.339,7.236,7.23722,2.78,1.50
2012.05.31 13:06:00.530,7.236,7.23722,2.78,1.50
2012.05.31 13:06:00.781,7.236,7.23722,2.78,1.50
2012.05.31 13:06:01.469,7.236,7.23722,2.78,1.50
2012.05.31 13:06:01.729,7.23584,7.23712,2.78,2.03
2012.05.31 13:06:02.070,7.23584,7.23712,2.78,2.78
2012.05.31 13:06:02.199,7.23584,7.23712,2.78,2.03
2012.05.31 13:06:02.531,7.23584,7.23712,2.78,2.03
2012.05.31 13:06:02.711,7.23584,7.23712,2.78,2.78
2012.05.31 13:06:03.019,7.23584,7.23712,2.78,2.03
2012.05.31 13:06:03.422,7.23568,7.2369,2.67,2.03
2012.05.31 13:06:03.609,7.23568,7.2369,2.67,2.78
2012.05.31 13:06:03.762,7.23568,7.2369,2.67,2.03
2012.05.31 13:06:03.981,7.23568,7.2369,2.67,2.78
2012.05.31 13:06:04.228,7.23587,7.23706,2.78,1.50
2012.05.31 13:06:04.577,7.23587,7.23702,2.78,1.50
2012.05.31 13:06:04.800,7.23587,7.23707,2.78,1.50
2012.05.31 13:06:05.009,7.23587,7.23693,2.78,1.50
2012.05.31 13:06:05.715,7.23568,7.23692,2.67,2.03
2012.05.31 13:06:05.793,7.23568,7.23692,2.67,2.78
2012.05.31 13:06:05.859,7.23568,7.23692,2.67,2.03
2012.05.31 13:06:06.071,7.23568,7.23692,2.67,2.78
2012.05.31 13:06:06.392,7.23568,7.23692,2.67,2.03
2012.05.31 13:06:06.939,7.23568,7.23692,2.67,2.78
2012.05.31 13:06:07.014,7.23568,7.23692,2.67,2.03
2012.05.31 13:06:07.197,7.23568,7.23692,2.67,2.78
2012.05.31 13:06:07.388,7.23568,7.23692,2.67,2.03
2012.05.31 13:06:07.721,7.23568,7.23673,2.67,2.03
2012.05.31 13:06:08.050,7.23568,7.23682,2.67,2.03
2012.05.31 13:06:08.179,7.2358,7.23708,2.78,2.78
2012.05.31 13:06:08.249,7.23611,7.23713,2.78,1.50
2012.05.31 13:06:08.567,7.23568,7.23683,2.67,2.03
2012.05.31 13:06:08.759,7.23568,7.23691,2.67,2.03
2012.05.31 13:06:08.889,7.23568,7.23691,2.67,2.78
2012.05.31 13:06:09.214,7.23568,7.23673,1.92,1.50
2012.05.31 13:06:09.538,7.23564,7.23625,2.03,2.03
2012.05.31 13:06:09.799,7.23491,7.23618,2.78,2.03
2012.05.31 13:06:09.941,7.23487,7.23601,2.67,2.03
2012.05.31 13:06:10.496,7.23487,7.23598,2.67,2.03
2012.05.31 13:06:10.572,7.23488,7.23616,2.78,2.78
2012.05.31 13:06:10.641,7.23487,7.23576,2.67,2.03
2012.05.31 13:06:10.951,7.23487,7.23576,2.67,2.03
2012.05.31 13:06:11.289,7.23487,7.23576,2.67,2.03
2012.05.31 13:06:11.434,7.23487,7.23576,2.67,2.03
2012.05.31 13:06:11.711,7.23487,7.23576,2.67,2.03
2012.05.31 13:06:11.929,7.23487,7.23576,2.67,2.03
2012.05.31 13:06:12.310,7.23487,7.23576,2.67,2.03
2012.05.31 13:06:12.381,7.23487,7.23593,2.67,2.03
2012.05.31 13:06:12.511,7.23487,7.23593,2.67,2.78
2012.05.31 13:06:12.772,7.23487,7.23593,2.67,2.78
2012.05.31 13:06:13.090,7.23487,7.2357,2.67,2.03
2012.05.31 13:06:13.410,7.23487,7.2357,2.67,2.03
2012.05.31 13:06:13.526,7.23487,7.2357,2.67,2.03
2012.05.31 13:06:13.971,7.23454,7.2353,1.50,2.03
2012.05.31 13:06:14.049,7.23431,7.2353,1.50,2.03
2012.05.31 13:06:14.190,7.23428,7.2353,2.67,2.03
2012.05.31 13:06:14.938,7.23428,7.2353,2.67,2.03
2012.05.31 13:06:15.480,7.23428,7.2353,2.67,2.03
2012.05.31 13:06:15.769,7.23428,7.2353,2.67,2.03
2012.05.31 13:06:15.909,7.23428,7.2353,2.67,2.03
2012.05.31 13:06:16.452,7.23428,7.2353,2.67,2.03
2012.05.31 13:06:16.679,7.23428,7.2353,2.67,2.03
2012.05.31 13:06:17.169,7.23428,7.2353,2.67,2.03
2012.05.31 13:06:17.298,7.23428,7.2353,2.67,2.03
2012.05.31 13:06:17.507,7.23428,7.2353,2.67,2.03
2012.05.31 13:06:17.729,7.23428,7.2353,2.67,2.03
2012.05.31 13:06:17.917,7.23428,7.2353,2.67,2.03
2012.05.31 13:06:18.202,7.23428,7.2353,2.67,2.03
2012.05.31 13:06:18.540,7.23428,7.2353,2.67,2.03
2012.05.31 13:06:18.752,7.23428,7.2353,2.67,2.03
2012.05.31 13:06:20.340,7.23428,7.23549,2.67,2.78
2012.05.31 13:06:20.936,7.23434,7.23549,1.50,2.03
2012.05.31 13:06:21.010,7.23446,7.23574,2.78,3.53
2012.05.31 13:06:21.080,7.23446,7.23574,2.78,3.53
2012.05.31 13:06:21.209,7.23446,7.23574,2.78,3.53
2012.05.31 13:06:21.282,7.23464,7.23574,2.03,1.50
2012.05.31 13:06:21.643,7.23473,7.23582,2.03,1.50
2012.05.31 13:06:22.024,7.23473,7.23583,2.03,1.50
2012.05.31 13:06:22.662,7.23473,7.23582,2.03,1.50
2012.05.31 13:06:23.812,7.23473,7.23587,2.78,1.50
2012.05.31 13:06:24.045,7.23473,7.2358,2.03,1.50
2012.05.31 13:06:24.121,7.23473,7.2358,2.03,1.50
2012.05.31 13:06:24.194,7.23436,7.23561,2.78,2.78
2012.05.31 13:06:24.334,7.23436,7.23561,2.78,2.78
2012.05.31 13:06:24.703,7.23436,7.23561,2.78,2.78
2012.05.31 13:06:24.775,7.23428,7.23539,2.67,2.03
2012.05.31 13:06:26.592,7.23442,7.23564,2.78,1.50
2012.05.31 13:06:26.804,7.23442,7.23568,2.78,2.78
2012.05.31 13:06:26.872,7.23463,7.23585,2.78,1.50
2012.05.31 13:06:27.281,7.23463,7.23582,2.78,1.50
2012.05.31 13:06:27.611,7.23463,7.23588,2.78,2.78
2012.05.31 13:06:27.739,7.23463,7.23582,2.78,1.50
2012.05.31 13:06:28.089,7.23463,7.23585,2.78,1.50
2012.05.31 13:06:28.420,7.23463,7.23582,2.78,1.50
2012.05.31 13:06:28.490,7.23463,7.23582,2.78,1.50
2012.05.31 13:06:29.149,7.23463,7.23586,2.78,1.50
2012.05.31 13:06:29.401,7.23463,7.23588,2.78,2.78
2012.05.31 13:06:29.469,7.23463,7.23587,2.78,1.50
2012.05.31 13:06:29.543,7.23463,7.23573,2.78,1.50
2012.05.31 13:06:29.681,7.23439,7.23552,2.78,2.03
2012.05.31 13:06:29.993,7.23428,7.23552,2.67,2.78
2012.05.31 13:06:30.067,7.23428,7.23545,2.67,1.50
2012.05.31 13:06:30.140,7.23428,7.23552,2.67,2.78
2012.05.31 13:06:30.652,7.23428,7.23552,2.67,2.78
2012.05.31 13:06:30.989,7.23428,7.23552,2.67,3.53
2012.05.31 13:06:31.058,7.23428,7.23552,2.67,2.78
2012.05.31 13:06:31.129,7.23428,7.23545,2.67,1.50
2012.05.31 13:06:31.459,7.23428,7.23552,2.67,2.78
2012.05.31 13:06:31.529,7.23428,7.23552,2.67,2.03
2012.05.31 13:06:31.660,7.23428,7.23552,2.67,2.03
2012.05.31 13:06:31.989,7.23428,7.2354,2.67,2.03
2012.05.31 13:06:32.248,7.23428,7.2354,2.67,2.03
2012.05.31 13:06:32.468,7.23428,7.2354,2.67,2.03
2012.05.31 13:06:32.763,7.23428,7.2354,2.67,2.03
2012.05.31 13:06:33.193,7.23428,7.2354,2.67,2.03
2012.05.31 13:06:33.414,7.2343,7.23555,2.78,2.03
2012.05.31 13:06:33.539,7.23461,7.23562,2.78,1.50
2012.05.31 13:06:34.362,7.23444,7.23571,2.78,2.03
2012.05.31 13:06:34.433,7.23476,7.23592,2.78,1.50
2012.05.31 13:06:34.839,7.23476,7.23592,2.78,1.50
2012.05.31 13:06:35.167,7.23476,7.23592,2.78,1.50
2012.05.31 13:06:35.598,7.23476,7.23592,2.78,1.50
2012.05.31 13:06:36.013,7.23476,7.23592,2.78,1.50
2012.05.31 13:06:36.729,7.23476,7.23592,2.78,1.50
2012.05.31 13:06:36.858,7.23476,7.23592,2.78,1.50
2012.05.31 13:06:37.178,7.23476,7.23592,2.78,1.50
2012.05.31 13:06:37.719,7.23476,7.23582,2.78,1.50
2012.05.31 13:06:38.240,7.23476,7.2359,2.78,1.50
2012.05.31 13:06:38.461,7.23476,7.23582,2.78,1.50
2012.05.31 13:06:38.794,7.23476,7.23586,2.78,1.50
2012.05.31 13:06:39.147,7.23476,7.23582,2.78,1.50
2012.05.31 13:06:39.349,7.23476,7.23586,2.78,1.50
2012.05.31 13:06:39.668,7.23476,7.23582,2.78,1.50
2012.05.31 13:06:39.738,7.23476,7.23582,2.78,1.50
2012.05.31 13:06:40.402,7.23455,7.23583,2.78,3.53
2012.05.31 13:06:40.470,7.23455,7.23573,2.78,1.50
2012.05.31 13:06:41.981,7.23455,7.23583,2.78,3.53
2012.05.31 13:06:42.320,7.23455,7.23583,2.78,3.53
2012.05.31 13:06:43.022,7.23434,7.23554,1.50,2.03
2012.05.31 13:06:43.331,7.23428,7.23554,2.67,2.78
2012.05.31 13:06:43.401,7.23428,7.23539,2.67,2.03
2012.05.31 13:06:43.649,7.23429,7.23552,2.78,1.50
2012.05.31 13:06:44.408,7.23428,7.2354,2.67,2.03
2012.05.31 13:06:45.179,7.23428,7.2354,2.67,2.03
2012.05.31 13:06:45.458,7.23428,7.2354,2.67,2.03
2012.05.31 13:06:46.939,7.23428,7.2354,2.67,2.03
2012.05.31 13:06:47.272,7.23428,7.2354,2.67,2.78
2012.05.31 13:06:50.179,7.23443,7.23555,1.50,2.78
2012.05.31 13:06:50.370,7.23453,7.23578,3.53,2.78
2012.05.31 13:06:57.422,7.23443,7.23549,1.50,2.03
2012.05.31 13:06:57.939,7.23443,7.23567,1.50,2.03
2012.05.31 13:06:58.321,7.23443,7.23567,1.50,2.03
2012.05.31 13:06:58.643,7.23443,7.23551,1.50,2.78
2012.05.31 13:06:58.981,7.23396,7.23517,2.03,1.50
2012.05.31 13:06:59.113,7.23373,7.235,2.78,2.03
2012.05.31 13:06:59.313,7.23386,7.23512,2.78,2.03
2012.05.31 13:06:59.386,7.23406,7.23531,2.03,2.78
2012.05.31 13:06:59.733,7.23456,7.23563,2.03,2.58
2012.05.31 13:06:59.933,7.23439,7.23566,2.03,2.78
2012.05.31 13:07:00.121,7.23439,7.23566,2.78,2.78
2012.05.31 13:07:00.191,7.23439,7.23566,2.78,2.78
2012.05.31 13:07:00.510,7.23459,7.23585,2.03,2.78
2012.05.31 13:07:01.003,7.23436,7.23563,2.78,2.78
2012.05.31 13:07:01.872,7.23455,7.23581,2.78,2.78
2012.05.31 13:07:02.071,7.23455,7.23581,2.78,2.03
2012.05.31 13:07:02.408,7.23455,7.23581,2.78,2.78
2012.05.31 13:07:02.744,7.23456,7.23581,1.50,2.78
2012.05.31 13:07:02.820,7.23456,7.23581,1.50,2.78
2012.05.31 13:07:03.023,7.23446,7.23572,2.78,2.78
2012.05.31 13:07:03.564,7.23427,7.23539,1.50,2.03
2012.05.31 13:07:03.700,7.23427,7.23539,1.50,2.03
2012.05.31 13:07:04.049,7.23427,7.23539,1.50,2.03
2012.05.31 13:07:04.181,7.23427,7.23539,1.50,2.03
2012.05.31 13:07:04.403,7.23427,7.23539,1.50,2.03
2012.05.31 13:07:04.725,7.23392,7.23518,1.50,2.03
2012.05.31 13:07:04.800,7.23392,7.235,1.50,2.03
2012.05.31 13:07:05.053,7.23392,7.235,1.50,2.03
2012.05.31 13:07:06.165,7.23388,7.235,1.50,2.03
2012.05.31 13:07:06.244,7.23392,7.235,1.50,2.78
2012.05.31 13:07:06.611,7.23392,7.235,1.50,2.03
2012.05.31 13:07:06.680,7.23389,7.235,1.50,2.78
2012.05.31 13:07:06.812,7.23392,7.235,1.50,2.03
2012.05.31 13:07:07.179,7.23392,7.235,1.50,2.03
2012.05.31 13:07:07.311,7.23392,7.235,1.50,2.03
2012.05.31 13:07:07.532,7.23392,7.235,1.50,2.03
2012.05.31 13:07:07.780,7.23392,7.235,1.50,2.03
2012.05.31 13:07:07.980,7.23392,7.235,1.50,2.03
2012.05.31 13:07:08.349,7.23392,7.235,1.50,2.03
2012.05.31 13:07:08.669,7.23392,7.235,1.50,2.03
2012.05.31 13:07:08.800,7.23392,7.235,1.50,2.03
2012.05.31 13:07:09.488,7.23392,7.235,1.50,2.03
2012.05.31 13:07:09.682,7.23392,7.235,1.50,2.03
2012.05.31 13:07:10.090,7.23392,7.235,1.50,2.03
2012.05.31 13:07:10.378,7.23392,7.235,1.50,2.03
2012.05.31 13:07:10.672,7.23395,7.235,1.13,2.03
2012.05.31 13:07:10.814,7.23396,7.235,1.13,2.03
2012.05.31 13:07:11.064,7.23429,7.23552,1.50,2.78
2012.05.31 13:07:11.383,7.23449,7.23574,2.03,2.78
2012.05.31 13:07:11.978,7.23452,7.23577,2.03,2.78
2012.05.31 13:07:12.056,7.23454,7.2358,2.78,2.03
2012.05.31 13:07:12.181,7.23454,7.2358,2.78,2.78
2012.05.31 13:07:12.491,7.23449,7.23566,1.50,2.03
2012.05.31 13:07:12.613,7.23449,7.23566,1.50,2.78
2012.05.31 13:07:12.840,7.23449,7.23566,1.50,2.03
2012.05.31 13:07:13.163,7.23449,7.23566,1.50,2.78
2012.05.31 13:07:13.470,7.23449,7.23566,1.50,2.03
2012.05.31 13:07:13.731,7.23449,7.23566,1.50,2.03
2012.05.31 13:07:13.883,7.23449,7.23546,1.50,2.03
2012.05.31 13:07:14.190,7.23439,7.23546,1.50,2.03
2012.05.31 13:07:14.260,7.23439,7.23546,1.50,2.03
2012.05.31 13:07:14.389,7.23439,7.23546,1.50,2.03
2012.05.31 13:07:14.858,7.23439,7.23562,1.50,2.03
2012.05.31 13:07:14.935,7.23439,7.23562,1.50,2.03
2012.05.31 13:07:15.259,7.23439,7.23562,1.50,2.03
2012.05.31 13:07:15.560,7.23439,7.23562,1.50,2.03
2012.05.31 13:07:15.751,7.23439,7.23562,1.50,2.03
2012.05.31 13:07:15.911,7.23439,7.23562,1.50,2.03
2012.05.31 13:07:16.159,7.23439,7.23562,1.50,2.03
2012.05.31 13:07:16.359,7.23439,7.23562,1.50,2.03
2012.05.31 13:07:16.608,7.23439,7.23562,1.50,2.78
2012.05.31 13:07:16.838,7.23439,7.23562,1.50,2.03
2012.05.31 13:07:17.027,7.23439,7.23562,1.50,2.03
2012.05.31 13:07:17.248,7.23439,7.23562,1.50,2.03
2012.05.31 13:07:17.508,7.23439,7.23562,1.50,2.03
2012.05.31 13:07:17.670,7.23439,7.23562,1.50,2.78
2012.05.31 13:07:17.946,7.23439,7.23562,1.50,2.03
2012.05.31 13:07:18.108,7.23439,7.23562,1.50,2.03
2012.05.31 13:07:18.449,7.23439,7.23562,1.50,2.03
2012.05.31 13:07:18.817,7.23439,7.23562,1.50,2.78
2012.05.31 13:07:18.947,7.23439,7.23562,1.50,2.03
2012.05.31 13:07:19.287,7.23439,7.23562,1.50,2.03
2012.05.31 13:07:19.478,7.23439,7.23562,1.50,2.03
2012.05.31 13:07:19.827,7.23439,7.23562,1.50,2.03
2012.05.31 13:07:19.980,7.23439,7.23562,1.50,2.03
2012.05.31 13:07:20.346,7.23439,7.23562,1.50,2.03
2012.05.31 13:07:20.531,7.23439,7.23562,1.50,2.03
2012.05.31 13:07:20.897,7.23439,7.23562,1.50,2.03
2012.05.31 13:07:21.117,7.23439,7.23562,1.50,2.03
2012.05.31 13:07:21.448,7.23439,7.23562,1.50,2.03
2012.05.31 13:07:21.727,7.23439,7.23562,1.50,2.03
2012.05.31 13:07:22.092,7.23439,7.23562,1.50,2.03
2012.05.31 13:07:22.164,7.23439,7.23562,1.50,2.03
2012.05.31 13:07:22.289,7.23439,7.23562,1.50,2.03
2012.05.31 13:07:22.638,7.23439,7.23562,1.50,2.03
2012.05.31 13:07:22.901,7.23439,7.23562,1.50,2.03
2012.05.31 13:07:23.088,7.23439,7.23562,1.50,2.03
2012.05.31 13:07:23.467,7.23439,7.23562,1.50,2.03
2012.05.31 13:07:23.669,7.23439,7.23562,1.50,2.03
2012.05.31 13:07:23.829,7.23439,7.23562,1.50,2.03
2012.05.31 13:07:24.278,7.23439,7.23562,1.50,2.03
2012.05.31 13:07:24.560,7.23439,7.23562,1.50,2.03
2012.05.31 13:07:24.720,7.23439,7.23562,1.50,2.03
2012.05.31 13:07:24.968,7.23439,7.23562,1.50,2.03
2012.05.31 13:07:25.289,7.23439,7.23562,1.50,2.03
2012.05.31 13:07:25.601,7.23439,7.23562,1.50,2.03
2012.05.31 13:07:25.808,7.23439,7.23562,1.50,2.03
2012.05.31 13:07:26.149,7.23448,7.23562,1.50,2.03
2012.05.31 13:07:26.337,7.23454,7.23562,1.50,2.03
2012.05.31 13:07:26.970,7.23454,7.23562,1.50,2.03
2012.05.31 13:07:27.365,7.23454,7.23562,1.50,2.03
2012.05.31 13:07:27.446,7.23454,7.23562,1.50,2.03
2012.05.31 13:07:27.578,7.23454,7.23562,1.50,2.03
2012.05.31 13:07:27.912,7.23448,7.23562,1.50,2.03
2012.05.31 13:07:28.039,7.23448,7.23552,1.50,2.03
2012.05.31 13:07:28.341,7.23448,7.23552,1.50,2.03
2012.05.31 13:07:28.639,7.23448,7.2357,1.50,2.78
2012.05.31 13:07:28.770,7.23448,7.2357,1.50,2.78
2012.05.31 13:07:28.952,7.23448,7.2357,1.50,2.78
2012.05.31 13:07:29.451,7.23448,7.2357,1.50,2.03
2012.05.31 13:07:29.879,7.23448,7.2357,1.50,2.78
2012.05.31 13:07:30.068,7.23448,7.2357,1.50,2.03
2012.05.31 13:07:30.283,7.23448,7.2357,1.50,2.78
2012.05.31 13:07:30.410,7.23448,7.2357,1.50,2.03
2012.05.31 13:07:30.890,7.23448,7.2357,1.50,2.78
2012.05.31 13:07:31.030,7.23448,7.2357,1.50,2.03
2012.05.31 13:07:31.158,7.23448,7.2357,1.50,2.03
2012.05.31 13:07:31.548,7.23448,7.2357,1.50,2.78
2012.05.31 13:07:31.804,7.23448,7.2357,1.50,2.03
2012.05.31 13:07:31.988,7.23448,7.23555,1.50,2.03
2012.05.31 13:07:32.412,7.23448,7.23555,1.50,2.03
2012.05.31 13:07:32.479,7.23446,7.23555,1.50,2.03
2012.05.31 13:07:32.691,7.23448,7.23555,1.50,2.03
2012.05.31 13:07:33.032,7.23448,7.23555,1.50,2.03
2012.05.31 13:07:33.189,7.23448,7.23555,1.50,2.03
2012.05.31 13:07:33.521,7.23448,7.23555,1.50,2.03
2012.05.31 13:07:33.911,7.23448,7.23535,1.50,2.03
2012.05.31 13:07:34.041,7.23438,7.23553,1.50,2.03
2012.05.31 13:07:34.170,7.23438,7.23553,1.50,2.03
2012.05.31 13:07:34.370,7.23438,7.23553,1.50,2.03
2012.05.31 13:07:34.860,7.23438,7.23553,1.50,2.03
2012.05.31 13:07:35.408,7.23434,7.23554,1.50,2.03
2012.05.31 13:07:35.480,7.23434,7.23536,1.50,2.03
2012.05.31 13:07:35.668,7.23434,7.23555,1.50,2.03
2012.05.31 13:07:35.738,7.23434,7.23555,1.50,2.03
2012.05.31 13:07:35.881,7.23438,7.23555,1.50,2.03
2012.05.31 13:07:36.328,7.23438,7.23555,1.50,2.03
2012.05.31 13:07:36.686,7.23438,7.23555,1.50,2.03
2012.05.31 13:07:36.832,7.23438,7.23555,1.50,2.03
2012.05.31 13:07:36.902,7.23438,7.23555,1.50,2.03
2012.05.31 13:07:37.101,7.23438,7.23573,1.50,2.03
2012.05.31 13:07:37.260,7.23438,7.23573,1.50,2.78
2012.05.31 13:07:37.500,7.23438,7.23573,1.50,2.03
2012.05.31 13:07:37.819,7.23438,7.23573,1.50,2.78
2012.05.31 13:07:37.887,7.23438,7.23573,1.50,2.03
2012.05.31 13:07:38.198,7.23438,7.23573,1.50,2.78
2012.05.31 13:07:38.578,7.23438,7.23573,1.50,2.03
2012.05.31 13:07:39.021,7.23438,7.23573,1.50,2.78
2012.05.31 13:07:39.357,7.23438,7.23573,1.50,2.78
2012.05.31 13:07:39.427,7.23438,7.23573,1.50,2.03
2012.05.31 13:07:39.743,7.23438,7.23573,1.50,2.78
2012.05.31 13:07:40.316,7.23438,7.23573,1.50,2.03
2012.05.31 13:07:40.390,7.23438,7.23572,1.50,2.78
2012.05.31 13:07:40.597,7.23438,7.2357,1.50,2.78
2012.05.31 13:07:40.787,7.23438,7.2357,1.50,2.03
2012.05.31 13:07:40.940,7.23438,7.2357,1.50,2.03
2012.05.31 13:07:41.068,7.23452,7.23585,2.78,2.78
2012.05.31 13:07:41.516,7.23452,7.23585,2.78,2.03
2012.05.31 13:07:41.718,7.23452,7.23585,2.78,2.78
2012.05.31 13:07:41.938,7.23452,7.23585,2.78,2.03
2012.05.31 13:07:42.189,7.23465,7.23603,2.03,2.78
2012.05.31 13:07:42.270,7.23465,7.23603,2.03,2.78
2012.05.31 13:07:42.698,7.23465,7.23603,2.78,2.78
2012.05.31 13:07:42.770,7.23465,7.23603,2.78,2.78
2012.05.31 13:07:43.098,7.23465,7.23603,2.78,2.78
2012.05.31 13:07:43.621,7.23465,7.23603,2.03,3.53
2012.05.31 13:07:43.690,7.23465,7.23603,2.78,3.53
2012.05.31 13:07:43.880,7.23465,7.23603,2.03,2.78
2012.05.31 13:07:44.031,7.23465,7.23603,2.78,2.78
2012.05.31 13:07:44.410,7.23462,7.236,2.78,2.78
2012.05.31 13:07:44.478,7.23462,7.236,2.78,2.78
2012.05.31 13:07:44.869,7.23462,7.236,2.78,2.78
2012.05.31 13:07:45.012,7.23462,7.236,2.03,2.78
2012.05.31 13:07:45.258,7.23462,7.236,2.78,2.78
2012.05.31 13:07:45.562,7.23462,7.236,2.78,2.78
2012.05.31 13:07:45.838,7.23462,7.236,2.78,2.78
2012.05.31 13:07:46.057,7.23486,7.23622,2.03,5.36
2012.05.31 13:07:46.248,7.23486,7.23622,2.03,5.36
2012.05.31 13:07:46.559,7.23486,7.23622,2.78,5.36
2012.05.31 13:07:46.749,7.23486,7.23622,2.78,5.36
2012.05.31 13:07:46.835,7.23486,7.23622,2.03,5.36
2012.05.31 13:07:47.300,7.23486,7.23614,2.78,1.50
2012.05.31 13:07:47.889,7.23486,7.23612,2.03,1.50
2012.05.31 13:07:47.963,7.23472,7.23602,2.78,2.78
2012.05.31 13:07:48.100,7.23472,7.23602,2.78,2.03
2012.05.31 13:07:48.311,7.23472,7.23602,2.78,2.78
2012.05.31 13:07:48.711,7.23472,7.23602,2.78,2.03
2012.05.31 13:07:49.023,7.23456,7.23575,1.13,2.03
2012.05.31 13:07:49.272,7.23484,7.23614,1.50,2.78
2012.05.31 13:07:49.483,7.23485,7.23614,1.50,2.78
2012.05.31 13:07:49.883,7.23485,7.23592,1.50,2.03
2012.05.31 13:07:50.021,7.23474,7.23592,1.13,2.03
2012.05.31 13:07:50.091,7.23485,7.23592,1.50,2.03
2012.05.31 13:07:50.906,7.23485,7.23607,1.50,2.03
2012.05.31 13:07:50.988,7.23485,7.23589,1.50,2.03
2012.05.31 13:07:51.205,7.23485,7.23594,1.50,2.03
2012.05.31 13:07:51.281,7.23467,7.23594,1.50,2.03
2012.05.31 13:07:51.482,7.23482,7.2361,2.78,2.03
2012.05.31 13:07:51.609,7.23501,7.23627,2.03,2.78
2012.05.31 13:07:51.681,7.23499,7.23626,2.03,2.78
2012.05.31 13:07:52.557,7.23495,7.23609,1.50,2.03
2012.05.31 13:07:52.632,7.23499,7.23626,2.78,2.03
2012.05.31 13:07:52.802,7.23516,7.23644,2.03,2.78
2012.05.31 13:07:53.073,7.23546,7.23672,2.03,2.03
2012.05.31 13:07:54.042,7.23544,7.23671,2.78,2.78
2012.05.31 13:07:54.391,7.23563,7.23688,2.03,2.78
2012.05.31 13:07:56.974,7.23583,7.2371,2.78,2.03
2012.05.31 13:07:57.171,7.23586,7.23713,2.78,2.03
2012.05.31 13:07:57.361,7.23589,7.23717,2.03,2.03
2012.05.31 13:07:57.552,7.23573,7.237,1.50,2.03
2012.05.31 13:07:57.932,7.23573,7.23682,1.50,2.03
2012.05.31 13:07:58.623,7.23607,7.23707,2.03,2.03
2012.05.31 13:07:58.691,7.23607,7.23732,2.03,2.78
2012.05.31 13:07:59.467,7.23579,7.23704,1.50,2.03
2012.05.31 13:07:59.535,7.23576,7.23702,2.78,2.03
2012.05.31 13:08:01.506,7.23562,7.23687,2.78,2.03
2012.05.31 13:08:03.492,7.23562,7.23687,2.78,2.03
2012.05.31 13:08:03.744,7.23584,7.23711,2.78,2.78
2012.05.31 13:08:03.871,7.23569,7.23696,2.78,2.03
2012.05.31 13:08:04.392,7.23569,7.23696,2.78,2.03
2012.05.31 13:08:05.141,7.23569,7.23696,2.78,2.78
2012.05.31 13:08:05.509,7.23532,7.23659,2.78,2.03
2012.05.31 13:08:05.665,7.23532,7.23659,2.03,2.03
2012.05.31 13:08:05.935,7.23532,7.23654,2.03,2.03
2012.05.31 13:08:06.343,7.23493,7.23615,1.50,2.03
2012.05.31 13:08:06.602,7.23507,7.23632,2.78,2.03
2012.05.31 13:08:06.668,7.23526,7.2364,2.78,2.03
2012.05.31 13:08:06.739,7.23526,7.23652,2.78,2.03
2012.05.31 13:08:08.121,7.23526,7.23652,2.78,2.03
2012.05.31 13:08:08.191,7.2354,7.23667,2.03,2.78
2012.05.31 13:08:08.262,7.23561,7.23687,2.03,2.78
2012.05.31 13:08:08.592,7.23562,7.23689,2.03,2.78
2012.05.31 13:08:08.660,7.23562,7.23689,2.03,2.78
2012.05.31 13:08:09.001,7.23574,7.23702,2.03,2.78
2012.05.31 13:08:09.310,7.23558,7.23685,2.03,2.78
2012.05.31 13:08:09.901,7.23573,7.237,2.03,2.78
2012.05.31 13:08:09.979,7.23573,7.237,2.03,2.78
2012.05.31 13:08:11.241,7.23551,7.23676,3.53,2.78
2012.05.31 13:08:11.401,7.23569,7.23694,2.03,2.78
2012.05.31 13:08:11.533,7.23551,7.23679,3.53,2.78
2012.05.31 13:08:12.014,7.23551,7.23679,2.78,2.78
2012.05.31 13:08:15.485,7.23551,7.23679,2.78,2.78
2012.05.31 13:08:15.881,7.23574,7.23699,2.03,2.78
2012.05.31 13:08:16.014,7.23574,7.23699,2.03,2.78
2012.05.31 13:08:16.093,7.23544,7.23671,2.78,2.03
2012.05.31 13:08:16.249,7.23544,7.23671,2.78,2.03
2012.05.31 13:08:17.799,7.23544,7.23671,2.78,2.03
2012.05.31 13:08:17.930,7.23562,7.23689,2.78,2.03
2012.05.31 13:08:18.063,7.23587,7.23712,2.03,2.78
2012.05.31 13:08:18.372,7.23567,7.23682,1.50,2.03
2012.05.31 13:08:18.961,7.23592,7.23716,2.78,2.78
2012.05.31 13:08:19.420,7.23629,7.23732,2.03,2.58
2012.05.31 13:08:19.678,7.23629,7.23732,2.03,2.58
2012.05.31 13:08:19.866,7.23616,7.23732,2.03,2.58
2012.05.31 13:08:19.938,7.23616,7.23732,2.03,1.83
2012.05.31 13:08:20.011,7.23614,7.23741,2.03,2.03
2012.05.31 13:08:21.488,7.23614,7.23741,2.78,2.03
2012.05.31 13:08:21.633,7.23629,7.23757,2.03,2.03
2012.05.31 13:08:21.821,7.23629,7.23757,2.78,2.78
2012.05.31 13:08:22.074,7.23667,7.23794,2.78,2.78
2012.05.31 13:08:22.740,7.2366,7.23787,2.78,2.03
2012.05.31 13:08:22.815,7.23675,7.23802,2.78,2.03
2012.05.31 13:08:23.402,7.23655,7.23783,2.78,2.03
2012.05.31 13:08:26.219,7.23655,7.23783,2.78,2.03
2012.05.31 13:08:26.529,7.2364,7.23768,2.78,2.03
2012.05.31 13:08:27.471,7.23631,7.23749,1.50,2.03
2012.05.31 13:08:27.740,7.23623,7.23749,2.78,2.03
2012.05.31 13:08:27.870,7.23623,7.23749,2.78,2.03
2012.05.31 13:08:28.578,7.23601,7.23726,2.78,2.03
2012.05.31 13:08:29.080,7.23602,7.23727,2.78,2.03
2012.05.31 13:08:29.340,7.23616,7.23743,2.78,2.03
2012.05.31 13:08:29.542,7.23616,7.23743,2.78,2.03
2012.05.31 13:08:29.608,7.23623,7.2375,2.78,2.03
2012.05.31 13:08:29.758,7.23623,7.2375,2.78,2.03
2012.05.31 13:08:30.159,7.23623,7.2375,2.78,2.03
2012.05.31 13:08:31.680,7.23623,7.2375,2.03,2.03
2012.05.31 13:08:32.061,7.23623,7.2375,2.78,2.03
2012.05.31 13:08:32.642,7.23605,7.23733,2.78,2.03
2012.05.31 13:08:35.512,7.23625,7.23753,2.78,2.03
2012.05.31 13:08:37.799,7.23625,7.23753,2.78,2.03
2012.05.31 13:08:38.259,7.23625,7.23753,2.78,2.03
2012.05.31 13:08:38.327,7.23625,7.23753,2.78,2.78
2012.05.31 13:08:38.886,7.23625,7.23753,2.78,2.78
2012.05.31 13:08:39.218,7.23625,7.23753,2.78,2.03
2012.05.31 13:08:39.517,7.23625,7.23753,2.78,2.03
2012.05.31 13:08:41.581,7.23639,7.23753,1.13,2.03
2012.05.31 13:08:41.890,7.23658,7.23753,1.50,2.03
2012.05.31 13:08:42.107,7.2368,7.23807,2.78,2.78
2012.05.31 13:08:42.381,7.2368,7.23807,2.78,2.78
2012.05.31 13:08:42.690,7.2368,7.23807,2.03,2.78
2012.05.31 13:08:43.343,7.23607,7.2374,1.50,2.03
2012.05.31 13:08:43.472,7.23628,7.23764,2.78,2.03
2012.05.31 13:08:43.541,7.23628,7.23776,2.78,2.03
2012.05.31 13:08:43.922,7.23642,7.23787,2.03,2.78
2012.05.31 13:08:44.121,7.23642,7.23787,2.78,2.78
2012.05.31 13:08:44.430,7.23642,7.23767,2.78,2.78
2012.05.31 13:08:44.639,7.23642,7.23767,2.78,2.78
2012.05.31 13:08:44.949,7.23642,7.23767,2.03,2.78
2012.05.31 13:08:45.260,7.23642,7.23767,2.78,2.78
2012.05.31 13:08:45.328,7.23642,7.23767,2.78,2.78
2012.05.31 13:08:45.671,7.23642,7.23767,2.78,2.78
2012.05.31 13:08:45.921,7.23625,7.23751,2.78,2.78
2012.05.31 13:08:46.571,7.23625,7.23751,2.78,2.78
2012.05.31 13:08:46.790,7.23625,7.23751,2.78,2.78
2012.05.31 13:08:47.123,7.23625,7.23751,2.78,2.03
2012.05.31 13:08:47.268,7.23625,7.23751,2.78,2.78
2012.05.31 13:08:47.731,7.23641,7.23768,2.03,2.78
2012.05.31 13:08:48.040,7.23656,7.23784,2.78,2.78
2012.05.31 13:08:48.231,7.23656,7.23784,2.78,2.78
2012.05.31 13:08:49.321,7.23656,7.23784,2.78,2.78
2012.05.31 13:08:50.329,7.23673,7.238,2.03,2.78
2012.05.31 13:08:50.530,7.23673,7.238,2.78,2.78
2012.05.31 13:08:50.789,7.23673,7.238,2.03,2.78
2012.05.31 13:08:51.008,7.23673,7.238,2.78,2.78
2012.05.31 13:08:51.439,7.23673,7.238,2.03,2.78
2012.05.31 13:08:51.632,7.23673,7.238,2.78,2.78
2012.05.31 13:08:51.819,7.23637,7.23764,2.78,2.03
2012.05.31 13:08:51.955,7.23637,7.23764,2.78,2.78
2012.05.31 13:08:52.148,7.23637,7.23764,2.78,2.03
2012.05.31 13:08:52.290,7.23637,7.23764,2.78,2.78
2012.05.31 13:08:52.682,7.23637,7.23764,2.78,2.03
2012.05.31 13:08:52.938,7.23637,7.23764,2.78,2.78
2012.05.31 13:08:53.200,7.23637,7.23764,2.78,2.03
2012.05.31 13:08:53.391,7.23655,7.23782,2.78,2.78
2012.05.31 13:08:53.459,7.23655,7.23782,2.78,2.78
2012.05.31 13:08:53.982,7.23673,7.23799,2.03,2.78
2012.05.31 13:08:56.060,7.23655,7.23782,2.78,2.78
2012.05.31 13:08:56.800,7.23655,7.23782,2.78,2.78
2012.05.31 13:08:56.870,7.23653,7.2378,2.78,2.78
2012.05.31 13:08:57.003,7.2367,7.23796,2.03,2.78
2012.05.31 13:08:57.229,7.23653,7.23778,2.78,2.78
2012.05.31 13:08:57.520,7.23667,7.23795,2.78,2.78
2012.05.31 13:08:57.801,7.23653,7.23778,2.78,2.78
2012.05.31 13:08:57.871,7.23635,7.2376,2.78,2.03
2012.05.31 13:08:58.057,7.23635,7.2376,2.78,2.03
2012.05.31 13:08:58.380,7.23635,7.2376,2.78,2.78
2012.05.31 13:08:58.641,7.23653,7.23779,2.78,2.78
2012.05.31 13:08:58.893,7.23666,7.23779,2.03,2.78
2012.05.31 13:08:58.963,7.23666,7.23779,2.78,2.78
2012.05.31 13:08:59.173,7.23689,7.23802,2.78,2.58
2012.05.31 13:08:59.500,7.23668,7.23795,2.78,2.78
2012.05.31 13:08:59.610,7.23668,7.23795,2.78,2.78
2012.05.31 13:08:59.969,7.23668,7.23795,2.78,2.78
2012.05.31 13:09:00.171,7.23668,7.23795,2.78,2.78
2012.05.31 13:09:00.482,7.23702,7.23829,2.78,2.78
2012.05.31 13:09:00.730,7.23702,7.23829,2.78,2.78
2012.05.31 13:09:01.439,7.23702,7.23829,2.78,2.78
2012.05.31 13:09:01.741,7.23688,7.23813,1.50,2.78
2012.05.31 13:09:03.062,7.23686,7.23813,2.78,2.78
2012.05.31 13:09:03.609,7.23669,7.23795,2.78,2.78
2012.05.31 13:09:03.924,7.23632,7.23757,2.78,2.03
2012.05.31 13:09:04.113,7.23634,7.23757,1.50,2.03
2012.05.31 13:09:04.371,7.2365,7.23778,2.78,2.78
2012.05.31 13:09:04.625,7.2365,7.23778,2.78,2.78
2012.05.31 13:09:05.021,7.23666,7.23793,2.78,2.78
2012.05.31 13:09:05.148,7.2365,7.23777,2.78,2.03
2012.05.31 13:09:05.219,7.2365,7.23777,2.78,2.78
2012.05.31 13:09:05.782,7.23651,7.23776,2.78,2.78
2012.05.31 13:09:06.085,7.23651,7.23776,2.78,2.03
2012.05.31 13:09:06.674,7.23663,7.23779,1.50,2.03
2012.05.31 13:09:06.745,7.23705,7.2383,2.78,2.78
2012.05.31 13:09:07.440,7.23705,7.2383,2.78,2.78
2012.05.31 13:09:07.879,7.23719,7.23843,2.78,2.58
2012.05.31 13:09:08.672,7.23719,7.23843,2.03,2.58
2012.05.31 13:09:08.873,7.23704,7.23813,2.03,2.58
2012.05.31 13:09:08.941,7.23701,7.23829,2.78,2.78
2012.05.31 13:09:09.331,7.23685,7.2381,2.78,2.78
2012.05.31 13:09:09.819,7.23685,7.2381,2.78,2.78
2012.05.31 13:09:10.068,7.23685,7.2381,2.78,2.78
2012.05.31 13:09:10.359,7.23685,7.2381,2.78,2.78
2012.05.31 13:09:10.709,7.23685,7.2381,2.78,2.78
2012.05.31 13:09:10.951,7.23685,7.2381,2.03,2.78
2012.05.31 13:09:11.020,7.23685,7.2381,2.78,2.78
2012.05.31 13:09:11.335,7.23701,7.23829,2.03,2.78
2012.05.31 13:09:11.618,7.23701,7.23829,2.03,2.78
2012.05.31 13:09:11.976,7.23728,7.2385,2.03,1.50
2012.05.31 13:09:12.053,7.23728,7.23853,2.03,2.78
2012.05.31 13:09:12.119,7.23763,7.23872,2.03,2.58
2012.05.31 13:09:12.431,7.23732,7.23857,2.03,2.78
2012.05.31 13:09:12.501,7.23732,7.23857,2.03,2.78
2012.05.31 13:09:12.573,7.23753,7.23872,2.03,2.58
2012.05.31 13:09:13.741,7.23753,7.23872,2.03,2.58
2012.05.31 13:09:13.929,7.23753,7.23872,2.03,2.58
2012.05.31 13:09:14.191,7.23753,7.23872,2.03,2.58
2012.05.31 13:09:14.319,7.23753,7.23872,2.03,2.58
2012.05.31 13:09:14.578,7.23753,7.23872,2.03,2.58
2012.05.31 13:09:14.740,7.23753,7.23872,2.03,2.58
2012.05.31 13:09:15.139,7.23753,7.23872,2.03,2.58
2012.05.31 13:09:15.208,7.23738,7.23866,2.03,2.78
2012.05.31 13:09:15.279,7.23762,7.23872,2.03,2.58
2012.05.31 13:09:15.619,7.23762,7.23872,2.03,2.58
2012.05.31 13:09:15.688,7.23762,7.23872,2.03,2.58
2012.05.31 13:09:15.850,7.23762,7.23872,2.03,2.58
2012.05.31 13:09:16.190,7.23743,7.23869,2.03,2.78
2012.05.31 13:09:16.257,7.23743,7.23869,2.03,2.78
2012.05.31 13:09:16.328,7.23743,7.23869,2.03,2.78
2012.05.31 13:09:16.638,7.23743,7.23869,2.03,2.78
2012.05.31 13:09:16.829,7.23743,7.23869,2.78,2.78
2012.05.31 13:09:17.259,7.23729,7.23854,2.03,2.03
2012.05.31 13:09:17.438,7.23729,7.23854,2.78,2.78
2012.05.31 13:09:17.818,7.23729,7.23854,2.03,2.03
2012.05.31 13:09:17.889,7.23729,7.23854,2.78,2.78
2012.05.31 13:09:18.049,7.23729,7.23854,2.78,2.03
2012.05.31 13:09:18.439,7.23729,7.23854,2.78,2.78
2012.05.31 13:09:18.648,7.23729,7.23854,2.78,2.03
2012.05.31 13:09:18.721,7.23729,7.23854,2.78,2.78
2012.05.31 13:09:19.328,7.23729,7.23854,2.03,2.78
2012.05.31 13:09:19.397,7.23729,7.23854,2.78,2.78
2012.05.31 13:09:19.549,7.23729,7.23854,2.03,2.78
2012.05.31 13:09:20.085,7.23729,7.23854,2.78,2.78
2012.05.31 13:09:20.137,7.23729,7.23854,2.78,2.03
2012.05.31 13:09:20.220,7.2375,7.23872,2.03,2.58
2012.05.31 13:09:20.568,7.2375,7.23872,2.03,2.58
2012.05.31 13:09:20.712,7.2375,7.23872,2.03,2.58
2012.05.31 13:09:20.897,7.2375,7.23872,2.03,2.58
2012.05.31 13:09:21.100,7.2375,7.23872,2.03,2.58
2012.05.31 13:09:21.440,7.2375,7.23872,2.03,2.58
2012.05.31 13:09:21.640,7.2375,7.23872,2.03,2.58
2012.05.31 13:09:21.858,7.2375,7.23872,2.03,2.58
2012.05.31 13:09:22.120,7.2375,7.23872,2.03,2.58
2012.05.31 13:09:22.329,7.2375,7.23872,2.03,2.58
2012.05.31 13:09:22.519,7.2375,7.23872,2.03,2.58
2012.05.31 13:09:22.758,7.2375,7.23872,2.03,2.58
2012.05.31 13:09:23.179,7.2375,7.23872,2.03,2.58
2012.05.31 13:09:23.308,7.23731,7.23856,2.78,2.03
2012.05.31 13:09:23.439,7.23731,7.23856,2.03,2.78
2012.05.31 13:09:23.568,7.23747,7.23872,2.03,4.61
2012.05.31 13:09:23.740,7.23747,7.23872,2.03,4.61
2012.05.31 13:09:24.161,7.23747,7.23872,2.03,4.61
2012.05.31 13:09:24.288,7.23747,7.23872,2.03,4.61
2012.05.31 13:09:24.528,7.23747,7.23872,2.03,4.61
2012.05.31 13:09:24.738,7.23747,7.23872,2.03,4.61
2012.05.31 13:09:25.058,7.23747,7.23872,2.03,4.61
2012.05.31 13:09:25.676,7.23747,7.23872,2.03,4.61
2012.05.31 13:09:25.751,7.23747,7.23872,2.03,4.61
2012.05.31 13:09:25.820,7.23726,7.23853,2.03,2.78
2012.05.31 13:09:26.058,7.23726,7.23853,2.03,2.78
2012.05.31 13:09:26.270,7.23728,7.23853,1.50,2.03
2012.05.31 13:09:26.399,7.23742,7.23869,2.78,2.78
2012.05.31 13:09:26.528,7.23742,7.23869,2.03,2.78
2012.05.31 13:09:26.838,7.23742,7.23869,2.78,2.78
2012.05.31 13:09:27.091,7.23742,7.23869,2.03,2.78
2012.05.31 13:09:27.288,7.23742,7.23869,2.78,2.78
2012.05.31 13:09:27.530,7.23742,7.23869,2.03,2.78
2012.05.31 13:09:27.838,7.23742,7.23869,2.78,2.78
2012.05.31 13:09:28.203,7.23742,7.23869,2.03,2.78
2012.05.31 13:09:28.511,7.23742,7.23869,2.78,2.78
2012.05.31 13:09:28.669,7.23742,7.23869,2.03,2.78
2012.05.31 13:09:28.989,7.23742,7.23869,2.78,2.78
2012.05.31 13:09:29.338,7.23742,7.23869,2.03,2.78
2012.05.31 13:09:29.740,7.23742,7.23869,2.03,2.78
2012.05.31 13:09:29.809,7.23742,7.23869,2.78,2.78
2012.05.31 13:09:30.059,7.23742,7.23869,2.78,2.78
2012.05.31 13:09:30.260,7.23742,7.23869,2.78,2.78
2012.05.31 13:09:30.570,7.23742,7.23869,2.78,2.78
2012.05.31 13:09:31.335,7.23742,7.23869,2.78,2.78
2012.05.31 13:09:32.788,7.23761,7.23886,2.78,2.78
2012.05.31 13:09:32.990,7.23761,7.23886,2.78,2.78
2012.05.31 13:09:33.582,7.23779,7.23893,2.03,2.58
2012.05.31 13:09:33.905,7.23762,7.2389,2.78,2.78
2012.05.31 13:09:34.341,7.23785,7.23893,2.03,2.58
2012.05.31 13:09:34.530,7.23785,7.23893,2.03,2.58
2012.05.31 13:09:34.659,7.23768,7.23893,2.78,2.58
2012.05.31 13:09:34.922,7.23789,7.23893,2.03,2.58
2012.05.31 13:09:35.258,7.23789,7.23893,2.03,2.58
2012.05.31 13:09:35.389,7.23789,7.23893,2.03,2.58
2012.05.31 13:09:35.638,7.23789,7.23893,2.03,2.58
2012.05.31 13:09:35.741,7.23789,7.23893,2.03,2.58
2012.05.31 13:09:36.461,7.23825,7.2395,2.03,2.78
2012.05.31 13:09:37.140,7.23846,7.23953,2.03,2.58
2012.05.31 13:09:39.404,7.23826,7.23953,2.78,2.58
2012.05.31 13:09:39.470,7.23826,7.23953,2.03,2.58
2012.05.31 13:09:40.730,7.23825,7.23951,2.03,2.78
2012.05.31 13:09:40.799,7.23811,7.23936,2.78,2.78
2012.05.31 13:09:41.132,7.23786,7.23888,2.78,2.03
2012.05.31 13:09:41.203,7.23786,7.23888,2.78,2.03
2012.05.31 13:09:41.332,7.23778,7.23906,2.78,2.78
2012.05.31 13:09:41.759,7.23778,7.23906,2.78,2.78
2012.05.31 13:09:44.608,7.23762,7.23889,2.78,2.78
2012.05.31 13:09:44.939,7.23768,7.23889,1.50,2.78
2012.05.31 13:09:45.252,7.23768,7.23892,1.50,2.78
2012.05.31 13:09:45.602,7.23766,7.23892,2.78,2.78
2012.05.31 13:09:45.923,7.23747,7.23874,2.78,2.03
2012.05.31 13:09:46.234,7.23727,7.23835,2.67,2.03
2012.05.31 13:09:46.736,7.23727,7.23849,2.67,2.03
2012.05.31 13:09:46.870,7.23739,7.23864,2.78,2.78
2012.05.31 13:09:46.940,7.23727,7.23847,2.67,2.03
2012.05.31 13:09:47.220,7.23727,7.23847,2.67,2.78
2012.05.31 13:09:47.681,7.23727,7.23847,2.67,2.03
2012.05.31 13:09:47.829,7.23727,7.23847,2.67,2.78
2012.05.31 13:09:48.451,7.23735,7.23863,2.78,2.78
2012.05.31 13:09:49.821,7.23727,7.23847,2.67,2.78
2012.05.31 13:09:50.254,7.23767,7.23871,2.03,2.78
2012.05.31 13:09:50.321,7.23742,7.23865,2.78,2.78
2012.05.31 13:09:50.392,7.23758,7.23884,2.78,2.78
2012.05.31 13:09:51.044,7.23758,7.23884,2.78,2.78
2012.05.31 13:09:52.075,7.23775,7.23902,2.03,2.78
2012.05.31 13:09:54.579,7.23775,7.23902,2.78,2.78
2012.05.31 13:09:55.854,7.23759,7.23886,2.78,2.78
2012.05.31 13:09:56.084,7.23759,7.23886,2.78,2.78
2012.05.31 13:09:56.571,7.23759,7.23886,2.78,2.78
2012.05.31 13:09:56.922,7.23768,7.23886,1.50,2.78
2012.05.31 13:09:57.113,7.23768,7.23886,1.50,2.78
2012.05.31 13:09:57.183,7.23788,7.23886,1.50,2.78
2012.05.31 13:09:57.660,7.23834,7.23953,2.03,2.58
2012.05.31 13:09:57.740,7.23834,7.23953,2.03,2.58
2012.05.31 13:09:57.812,7.23819,7.23944,2.03,2.78
2012.05.31 13:09:58.062,7.23819,7.23944,2.03,2.78
2012.05.31 13:09:58.474,7.23798,7.23921,1.50,2.78
2012.05.31 13:09:58.545,7.23813,7.23938,2.03,2.78
2012.05.31 13:09:58.686,7.2378,7.23908,2.78,2.78
2012.05.31 13:09:58.872,7.2378,7.23908,2.78,2.78
2012.05.31 13:09:59.345,7.2378,7.23908,2.78,2.78
2012.05.31 13:10:00.000,7.23781,7.23908,2.03,2.78
2012.05.31 13:10:00.075,7.23781,7.23908,2.78,2.78
2012.05.31 13:10:01.189,7.23766,7.23893,2.78,2.78
2012.05.31 13:10:01.535,7.23766,7.23893,2.78,2.78
2012.05.31 13:10:01.872,7.23784,7.23909,2.78,2.78
2012.05.31 13:10:01.941,7.23768,7.23895,2.78,2.78
2012.05.31 13:10:03.548,7.2381,7.23935,2.03,2.78
2012.05.31 13:10:03.743,7.2381,7.23935,2.03,2.78
2012.05.31 13:10:03.944,7.23817,7.23935,1.50,2.03
2012.05.31 13:10:04.086,7.23856,7.23959,2.03,2.78
2012.05.31 13:10:04.163,7.23857,7.23982,2.03,2.78
2012.05.31 13:10:04.783,7.23887,7.23998,2.03,1.50
2012.05.31 13:10:04.863,7.23887,7.23998,2.03,1.50
2012.05.31 13:10:04.991,7.23861,7.23988,2.03,2.78
2012.05.31 13:10:05.121,7.23883,7.24011,2.03,2.78
2012.05.31 13:10:05.253,7.23883,7.24011,2.03,2.78
2012.05.31 13:10:05.804,7.23883,7.24011,2.03,2.78
2012.05.31 13:10:05.878,7.23883,7.24011,2.78,2.78
2012.05.31 13:10:06.220,7.23897,7.24013,2.03,2.58
2012.05.31 13:10:06.291,7.23872,7.23997,2.78,2.78
2012.05.31 13:10:06.426,7.23886,7.24012,2.78,2.78
2012.05.31 13:10:07.003,7.23889,7.24014,2.03,2.78
2012.05.31 13:10:07.128,7.23889,7.24014,2.03,2.78
2012.05.31 13:10:07.350,7.23889,7.24014,2.03,2.78
2012.05.31 13:10:07.545,7.23889,7.24014,2.03,2.78
2012.05.31 13:10:07.873,7.23902,7.2403,2.03,2.78
2012.05.31 13:10:08.060,7.23902,7.2403,2.03,2.78
2012.05.31 13:10:08.293,7.23885,7.23999,2.03,2.78
2012.05.31 13:10:08.421,7.23867,7.23975,1.50,2.78
2012.05.31 13:10:08.550,7.23873,7.23977,1.50,2.78
2012.05.31 13:10:08.764,7.23867,7.23994,3.53,4.80
2012.05.31 13:10:09.012,7.23848,7.23969,3.42,2.78
2012.05.31 13:10:09.391,7.23859,7.23985,2.78,2.78
2012.05.31 13:10:09.888,7.23882,7.24009,2.78,2.78
2012.05.31 13:10:10.203,7.23864,7.23989,2.78,2.78
2012.05.31 13:10:10.511,7.23858,7.23975,1.50,2.03
2012.05.31 13:10:10.790,7.23849,7.23975,2.78,2.78
2012.05.31 13:10:10.983,7.23848,7.23959,2.67,2.03
2012.05.31 13:10:12.171,7.23858,7.23959,1.50,2.03
2012.05.31 13:10:12.419,7.23858,7.23959,1.50,2.03
2012.05.31 13:10:12.702,7.23858,7.23959,1.50,2.03
2012.05.31 13:10:13.602,7.23858,7.23959,1.50,2.03
2012.05.31 13:10:14.162,7.23863,7.23967,2.78,2.03
2012.05.31 13:10:14.235,7.23818,7.23944,1.50,2.03
2012.05.31 13:10:18.190,7.23893,7.23967,1.13,2.78
2012.05.31 13:10:18.259,7.23893,7.24009,1.13,1.50
2012.05.31 13:10:18.693,7.23904,7.24012,1.50,1.83
2012.05.31 13:10:18.769,7.2387,7.24013,1.50,2.78
2012.05.31 13:10:18.901,7.23847,7.2399,2.67,2.78
2012.05.31 13:10:19.151,7.23863,7.24008,1.50,2.03
2012.05.31 13:10:19.343,7.23898,7.24024,2.78,2.03
2012.05.31 13:10:19.512,7.23898,7.24024,2.78,2.78
2012.05.31 13:10:19.582,7.23884,7.24009,3.53,2.03
2012.05.31 13:10:19.711,7.23902,7.24027,2.78,2.03
2012.05.31 13:10:19.781,7.23902,7.24027,2.78,2.78
2012.05.31 13:10:20.117,7.23909,7.24036,2.03,2.78
2012.05.31 13:10:20.273,7.23917,7.24036,2.03,2.78
2012.05.31 13:10:20.342,7.23917,7.24036,2.03,2.03
2012.05.31 13:10:20.528,7.23941,7.24051,2.03,1.50
2012.05.31 13:10:20.601,7.23926,7.24051,2.03,1.50
2012.05.31 13:10:20.673,7.23926,7.24052,2.03,2.78
2012.05.31 13:10:20.743,7.23923,7.24051,2.03,2.78
2012.05.31 13:10:20.811,7.23907,7.24035,2.78,2.78
2012.05.31 13:10:20.879,7.23907,7.24035,2.78,2.03
2012.05.31 13:10:20.949,7.23925,7.24053,2.78,4.61
2012.05.31 13:10:21.171,7.23908,7.24032,2.03,2.78
2012.05.31 13:10:21.429,7.23931,7.24053,2.03,2.58
2012.05.31 13:10:21.501,7.23917,7.24043,2.78,2.03
2012.05.31 13:10:21.918,7.23917,7.24043,2.78,2.03
2012.05.31 13:10:22.059,7.23917,7.24043,2.03,2.78
2012.05.31 13:10:22.390,7.23917,7.24043,2.78,2.78
2012.05.31 13:10:22.590,7.23917,7.24043,2.78,2.78
2012.05.31 13:10:22.779,7.23917,7.24036,2.03,1.50
2012.05.31 13:10:22.849,7.23897,7.24023,2.03,2.78
2012.05.31 13:10:23.099,7.23897,7.24023,2.78,2.78
2012.05.31 13:10:23.348,7.23897,7.24023,2.78,2.78
2012.05.31 13:10:23.678,7.23868,7.23995,2.78,2.78
2012.05.31 13:10:24.820,7.23868,7.23995,2.78,2.78
2012.05.31 13:10:24.948,7.23868,7.23995,2.78,2.78
2012.05.31 13:10:25.302,7.23868,7.23995,2.78,2.78
2012.05.31 13:10:25.671,7.23857,7.23984,2.78,2.03
2012.05.31 13:10:25.799,7.23873,7.24,2.78,2.78
2012.05.31 13:10:25.929,7.23873,7.24,2.78,2.78
2012.05.31 13:10:26.237,7.23873,7.24,2.78,2.78
2012.05.31 13:10:26.548,7.23873,7.24,2.78,2.78
2012.05.31 13:10:27.076,7.23873,7.24,2.78,2.78
2012.05.31 13:10:27.296,7.23908,7.24032,1.50,2.03
2012.05.31 13:10:27.502,7.23899,7.24026,2.78,2.78
2012.05.31 13:10:28.015,7.23887,7.24004,2.67,2.03
2012.05.31 13:10:28.332,7.23887,7.23979,2.67,2.03
2012.05.31 13:10:28.463,7.23887,7.23994,2.67,2.03
2012.05.31 13:10:29.473,7.23887,7.23994,2.67,2.78
2012.05.31 13:10:29.541,7.23887,7.23994,2.67,2.03
2012.05.31 13:10:30.535,7.23894,7.23994,1.50,2.78
2012.05.31 13:10:30.605,7.23894,7.23994,1.50,2.78
2012.05.31 13:10:30.865,7.23913,7.24039,2.78,2.78
2012.05.31 13:10:31.288,7.23945,7.2407,2.78,2.78
2012.05.31 13:10:31.449,7.23945,7.2407,2.78,2.78
2012.05.31 13:10:31.700,7.23945,7.2407,2.78,2.03
2012.05.31 13:10:31.949,7.23945,7.2407,2.78,2.03
2012.05.31 13:10:32.146,7.23945,7.2407,2.78,2.78
2012.05.31 13:10:32.780,7.23945,7.2407,2.78,2.03
2012.05.31 13:10:32.855,7.23959,7.24087,2.78,2.03
2012.05.31 13:10:32.989,7.23959,7.24087,2.78,2.03
2012.05.31 13:10:33.239,7.23959,7.24087,2.78,2.78
2012.05.31 13:10:33.309,7.23943,7.2407,2.78,2.03
2012.05.31 13:10:33.640,7.23943,7.2407,2.78,2.78
2012.05.31 13:10:33.799,7.23943,7.2407,2.78,2.03
2012.05.31 13:10:34.148,7.23943,7.2407,2.78,2.03
2012.05.31 13:10:34.218,7.23943,7.2407,2.78,2.78
2012.05.31 13:10:34.310,7.23943,7.2407,2.78,2.03
2012.05.31 13:10:34.509,7.23961,7.24089,2.78,2.03
2012.05.31 13:10:34.580,7.23961,7.24089,2.78,2.78
2012.05.31 13:10:34.821,7.23961,7.24089,2.78,2.03
2012.05.31 13:10:35.008,7.23961,7.24089,2.78,2.78
2012.05.31 13:10:35.363,7.23961,7.24089,2.78,2.03
2012.05.31 13:10:35.590,7.23975,7.241,2.78,1.50
2012.05.31 13:10:35.739,7.23975,7.24103,2.03,1.50
2012.05.31 13:10:36.079,7.23975,7.241,2.78,1.50
2012.05.31 13:10:36.350,7.23975,7.24104,2.03,1.50
2012.05.31 13:10:36.827,7.23957,7.24095,2.78,2.03
2012.05.31 13:10:37.171,7.23957,7.24095,2.78,2.78
2012.05.31 13:10:37.377,7.23957,7.24095,2.78,2.03
2012.05.31 13:10:37.629,7.23957,7.24095,2.78,2.78
2012.05.31 13:10:37.759,7.23957,7.24095,2.78,2.03
2012.05.31 13:10:38.058,7.23957,7.24095,2.78,2.78
2012.05.31 13:10:38.373,7.23957,7.24095,2.78,2.03
2012.05.31 13:10:38.443,7.23974,7.24104,2.78,1.50
2012.05.31 13:10:38.512,7.23974,7.24112,2.78,2.78
2012.05.31 13:10:38.640,7.23974,7.24112,2.78,2.78
2012.05.31 13:10:38.961,7.23991,7.24115,2.03,1.50
2012.05.31 13:10:39.101,7.23991,7.24115,2.03,1.50
2012.05.31 13:10:39.471,7.23991,7.24115,2.03,1.50
2012.05.31 13:10:39.670,7.23991,7.24115,2.78,1.50
2012.05.31 13:10:40.256,7.23976,7.24104,2.78,2.78
2012.05.31 13:10:40.782,7.23976,7.24104,2.03,2.78
2012.05.31 13:10:40.851,7.23976,7.24104,2.78,2.03
2012.05.31 13:10:40.922,7.23976,7.24091,2.78,2.03
2012.05.31 13:10:41.244,7.23941,7.24067,2.78,2.03
2012.05.31 13:10:41.554,7.23927,7.24027,2.67,2.03
2012.05.31 13:10:42.313,7.23927,7.24046,2.67,2.03
2012.05.31 13:10:42.452,7.23936,7.24061,2.78,2.03
2012.05.31 13:10:42.527,7.23959,7.24086,2.78,2.78
2012.05.31 13:10:43.810,7.23938,7.24065,2.78,2.03
2012.05.31 13:10:44.189,7.23938,7.24065,2.78,2.03
2012.05.31 13:10:44.258,7.23938,7.24065,2.78,2.03
2012.05.31 13:10:44.632,7.23937,7.24064,2.78,2.03
2012.05.31 13:10:44.703,7.23923,7.24044,1.50,2.03
2012.05.31 13:10:45.051,7.23905,7.24025,1.13,2.03
2012.05.31 13:10:45.118,7.23905,7.24025,1.13,2.03
2012.05.31 13:10:45.372,7.23913,7.24026,1.50,2.03
2012.05.31 13:10:45.678,7.24008,7.24051,1.92,2.03
2012.05.31 13:10:45.811,7.24014,7.24122,2.03,1.50
2012.05.31 13:10:46.001,7.24008,7.24095,1.92,2.03
2012.05.31 13:10:46.430,7.24008,7.24095,2.67,2.03
2012.05.31 13:10:47.440,7.24028,7.24095,1.92,2.03
2012.05.31 13:10:48.682,7.24028,7.24095,1.92,2.78
2012.05.31 13:10:48.812,7.23978,7.24093,1.92,1.50
2012.05.31 13:10:48.944,7.23978,7.24076,2.67,2.78
2012.05.31 13:10:49.011,7.23978,7.24083,2.67,1.50
2012.05.31 13:10:49.080,7.23978,7.2408,2.67,1.50
2012.05.31 13:10:49.351,7.23978,7.2408,1.92,1.50
2012.05.31 13:10:51.800,7.23952,7.2408,2.78,1.50
2012.05.31 13:10:51.930,7.23923,7.24056,2.78,2.03
2012.05.31 13:10:52.001,7.23923,7.24056,2.78,2.03
2012.05.31 13:10:52.072,7.23923,7.24056,2.78,2.03
2012.05.31 13:10:52.281,7.23948,7.24072,2.67,2.78
2012.05.31 13:10:54.090,7.23948,7.24057,2.67,2.03
2012.05.31 13:10:55.659,7.23948,7.24074,2.67,2.78
2012.05.31 13:10:55.853,7.23948,7.24059,2.67,2.03
2012.05.31 13:10:55.922,7.23948,7.24075,2.67,2.78
2012.05.31 13:10:56.668,7.23948,7.24063,2.67,2.03
2012.05.31 13:10:59.410,7.23948,7.24078,2.67,2.78
2012.05.31 13:11:02.372,7.23948,7.24045,2.67,2.03
2012.05.31 13:11:02.504,7.23948,7.24045,1.92,2.78
2012.05.31 13:11:02.572,7.23948,7.24045,1.92,2.78
2012.05.31 13:11:02.884,7.23948,7.24027,1.92,2.78
2012.05.31 13:11:03.221,7.23948,7.24009,1.92,2.03
2012.05.31 13:11:03.543,7.23948,7.23993,1.92,2.03
2012.05.31 13:11:03.891,7.23838,7.23951,2.67,2.03
2012.05.31 13:11:04.397,7.23838,7.23929,2.67,2.03
2012.05.31 13:11:07.540,7.23858,7.23945,2.67,2.78
2012.05.31 13:11:08.471,7.23807,7.23945,4.70,2.78
2012.05.31 13:11:08.602,7.23807,7.23945,4.70,2.78
2012.05.31 13:11:09.064,7.23808,7.2394,2.78,2.03
2012.05.31 13:11:10.120,7.23807,7.23924,2.67,2.03
2012.05.31 13:11:10.459,7.23813,7.23939,2.78,2.78
2012.05.31 13:11:10.588,7.23813,7.23939,2.78,2.78
2012.05.31 13:11:12.310,7.23813,7.23939,2.78,2.03
2012.05.31 13:11:13.982,7.23811,7.23938,2.78,2.03
2012.05.31 13:11:14.109,7.23811,7.23938,2.78,2.03
2012.05.31 13:11:15.190,7.23811,7.23938,2.78,2.78
2012.05.31 13:11:15.500,7.23796,7.23924,2.78,2.03
2012.05.31 13:11:15.570,7.23774,7.23899,2.78,2.78
2012.05.31 13:11:15.638,7.23774,7.23899,2.03,2.78
2012.05.31 13:11:16.163,7.23774,7.23899,2.78,2.03
2012.05.31 13:11:18.388,7.23774,7.23899,2.78,2.78
2012.05.31 13:11:19.922,7.23774,7.23899,2.78,2.03
2012.05.31 13:11:19.991,7.23774,7.23899,2.78,2.78
2012.05.31 13:11:20.180,7.23774,7.23899,2.78,2.03
2012.05.31 13:11:23.237,7.23774,7.23899,2.78,2.78
2012.05.31 13:11:24.430,7.23754,7.23882,2.78,2.03
2012.05.31 13:11:24.561,7.23754,7.23882,2.03,2.78
2012.05.31 13:11:24.703,7.23737,7.23821,1.92,2.03
2012.05.31 13:11:24.894,7.23737,7.23821,1.92,2.78
2012.05.31 13:11:24.963,7.23702,7.23821,1.50,2.03
2012.05.31 13:11:25.092,7.23694,7.23821,2.78,2.03
2012.05.31 13:11:25.160,7.23694,7.23821,2.03,2.03
2012.05.31 13:11:25.277,7.23678,7.23792,1.50,2.03
2012.05.31 13:11:25.351,7.23679,7.23807,2.78,2.03
2012.05.31 13:11:25.820,7.23678,7.2379,1.50,2.03
2012.05.31 13:11:25.952,7.23682,7.23809,2.78,2.03
2012.05.31 13:11:26.022,7.23682,7.23809,2.78,2.03
2012.05.31 13:11:26.416,7.23677,7.2379,2.67,2.03
2012.05.31 13:11:26.495,7.23682,7.23807,2.78,2.03
2012.05.31 13:11:26.642,7.23677,7.2379,2.67,2.03
2012.05.31 13:11:26.783,7.23681,7.23808,2.78,2.03
2012.05.31 13:11:27.149,7.23696,7.23823,2.78,2.03
2012.05.31 13:11:28.403,7.23712,7.2384,2.03,2.78
2012.05.31 13:11:28.741,7.23712,7.23835,2.03,1.50
2012.05.31 13:11:28.811,7.23696,7.23821,2.78,2.03
2012.05.31 13:11:30.140,7.23696,7.23821,2.03,2.78
2012.05.31 13:11:30.628,7.23675,7.23802,2.78,2.78
2012.05.31 13:11:30.940,7.23675,7.23802,2.78,2.78
2012.05.31 13:11:31.546,7.23689,7.23817,2.78,2.78
2012.05.31 13:11:31.623,7.23689,7.23817,2.78,2.78
2012.05.31 13:11:34.449,7.23672,7.23799,2.78,2.03
2012.05.31 13:11:40.312,7.23672,7.23799,2.78,2.78
2012.05.31 13:11:43.040,7.23672,7.23799,2.78,2.78
2012.05.31 13:11:43.113,7.23656,7.23784,2.78,2.03
2012.05.31 13:11:43.761,7.23656,7.23784,2.78,2.78
2012.05.31 13:11:44.209,7.23656,7.23782,2.78,2.78
2012.05.31 13:11:44.439,7.23656,7.23782,2.78,2.78
2012.05.31 13:11:44.631,7.23673,7.23784,2.03,1.50
2012.05.31 13:11:44.760,7.23673,7.23792,2.78,1.50
2012.05.31 13:11:44.948,7.23673,7.23793,2.78,1.50
2012.05.31 13:11:45.161,7.23673,7.23793,2.03,1.50
2012.05.31 13:11:45.409,7.23673,7.23793,2.78,1.50
2012.05.31 13:11:45.571,7.23673,7.23793,2.03,1.50
2012.05.31 13:11:45.935,7.23673,7.23792,2.78,1.50
2012.05.31 13:11:46.010,7.23673,7.23792,2.78,1.50
2012.05.31 13:11:46.143,7.23673,7.23792,2.03,1.50
2012.05.31 13:11:46.331,7.23673,7.23792,2.78,1.50
2012.05.31 13:11:46.630,7.23673,7.23792,2.03,1.50
2012.05.31 13:11:47.235,7.23673,7.23801,2.78,2.78
2012.05.31 13:11:49.742,7.23714,7.23836,2.78,1.50
2012.05.31 13:11:50.281,7.23714,7.23836,2.78,1.50
2012.05.31 13:11:50.831,7.23673,7.23798,2.78,2.78
2012.05.31 13:11:51.155,7.23673,7.23798,2.78,2.03
2012.05.31 13:11:51.351,7.23673,7.23798,2.78,2.78
2012.05.31 13:11:51.540,7.23673,7.23798,2.78,2.03
2012.05.31 13:11:51.831,7.23673,7.23798,2.78,2.78
2012.05.31 13:11:52.080,7.23673,7.23798,2.78,2.03
2012.05.31 13:11:54.542,7.23673,7.23798,2.78,2.78
2012.05.31 13:11:54.792,7.23703,7.23828,2.78,2.78
2012.05.31 13:11:55.152,7.23685,7.2381,2.78,2.78
2012.05.31 13:11:55.711,7.23685,7.2381,2.78,2.03
2012.05.31 13:11:56.215,7.23681,7.23808,2.78,2.78
2012.05.31 13:11:56.284,7.23681,7.23808,2.78,2.03
2012.05.31 13:11:56.421,7.23681,7.23808,2.78,2.78
2012.05.31 13:11:56.712,7.23681,7.23808,2.78,2.03
2012.05.31 13:11:57.204,7.23699,7.23827,2.78,2.78
2012.05.31 13:11:57.273,7.23681,7.23807,2.78,2.03
2012.05.31 13:11:57.594,7.23664,7.23789,2.78,2.03
2012.05.31 13:11:57.682,7.23664,7.23789,2.78,2.03
2012.05.31 13:11:57.882,7.23664,7.23789,2.78,2.03
2012.05.31 13:11:58.070,7.23664,7.23789,2.78,2.03
2012.05.31 13:11:58.450,7.23664,7.23789,2.78,2.03
2012.05.31 13:11:58.639,7.23664,7.23789,2.78,2.03
2012.05.31 13:11:58.832,7.23664,7.23789,2.78,2.03
2012.05.31 13:11:59.504,7.23664,7.23789,2.78,2.03
2012.05.31 13:12:00.580,7.23656,7.23775,1.50,2.03
2012.05.31 13:12:00.648,7.23656,7.23775,1.50,2.03
2012.05.31 13:12:00.858,7.23656,7.23775,1.50,2.03
2012.05.31 13:12:02.749,7.23665,7.23792,2.78,2.03
2012.05.31 13:12:02.949,7.23647,7.23775,2.78,2.03
2012.05.31 13:12:06.399,7.23647,7.23775,2.78,2.03
2012.05.31 13:12:06.653,7.23647,7.23775,2.78,2.03
2012.05.31 13:12:06.921,7.23647,7.23775,2.78,2.03
2012.05.31 13:12:07.139,7.23647,7.23775,2.78,2.03
2012.05.31 13:12:07.301,7.23647,7.23775,2.78,2.03
2012.05.31 13:12:07.519,7.23647,7.23775,2.78,2.03
2012.05.31 13:12:07.770,7.23647,7.23775,2.78,2.03
2012.05.31 13:12:08.170,7.23647,7.23775,2.78,2.03
2012.05.31 13:12:08.378,7.23647,7.23775,2.78,2.03
2012.05.31 13:12:08.578,7.23647,7.23775,2.78,2.03
2012.05.31 13:12:08.889,7.23647,7.23775,2.78,2.03
2012.05.31 13:12:09.088,7.23647,7.23775,2.78,2.03
2012.05.31 13:12:09.289,7.23647,7.23775,2.78,2.03
2012.05.31 13:12:09.598,7.23647,7.23775,2.78,2.03
2012.05.31 13:12:09.830,7.23647,7.23775,2.78,2.03
2012.05.31 13:12:10.051,7.23647,7.23775,2.78,2.03
2012.05.31 13:12:10.630,7.23647,7.23775,2.78,2.03
2012.05.31 13:12:10.867,7.23647,7.23775,2.78,2.03
2012.05.31 13:12:11.087,7.23647,7.23775,2.78,2.03
2012.05.31 13:12:11.258,7.23647,7.23775,2.78,2.03
2012.05.31 13:12:11.638,7.23647,7.23775,2.78,2.03
2012.05.31 13:12:11.868,7.23647,7.23775,2.78,2.03
2012.05.31 13:12:12.200,7.23647,7.23775,2.78,2.03
2012.05.31 13:12:12.410,7.23647,7.23775,2.78,2.03
2012.05.31 13:12:12.657,7.23647,7.23775,2.78,2.03
2012.05.31 13:12:12.827,7.23647,7.23775,2.78,2.03
2012.05.31 13:12:13.089,7.23662,7.2379,2.78,2.03
2012.05.31 13:12:13.158,7.23662,7.2379,2.78,2.78
2012.05.31 13:12:13.289,7.23662,7.23788,2.78,1.50
2012.05.31 13:12:13.610,7.23662,7.2379,2.78,2.78
2012.05.31 13:12:14.834,7.23647,7.23773,2.78,2.03
2012.05.31 13:12:15.150,7.23628,7.23742,2.67,2.03
2012.05.31 13:12:15.279,7.23628,7.23742,2.67,2.03
2012.05.31 13:12:15.530,7.23628,7.23742,2.67,2.03
2012.05.31 13:12:17.171,7.23628,7.23742,2.67,2.78
2012.05.31 13:12:17.301,7.23628,7.23742,2.67,2.78
2012.05.31 13:12:17.371,7.23603,7.23722,1.20,2.03
2012.05.31 13:12:17.440,7.23613,7.23722,1.50,2.03
2012.05.31 13:12:17.510,7.23616,7.23744,2.78,2.78
2012.05.31 13:12:17.639,7.23616,7.23744,2.78,2.78
2012.05.31 13:12:18.008,7.23616,7.23744,2.78,2.78
2012.05.31 13:12:18.198,7.23616,7.23744,2.78,2.78
2012.05.31 13:12:18.540,7.23616,7.23744,2.78,2.78
2012.05.31 13:12:18.788,7.23616,7.23744,2.78,2.78
2012.05.31 13:12:18.978,7.23616,7.23744,2.78,2.78
2012.05.31 13:12:19.199,7.23616,7.23744,2.78,2.03
2012.05.31 13:12:19.471,7.23616,7.23744,2.78,2.03
2012.05.31 13:12:19.539,7.23635,7.23762,2.78,2.78
2012.05.31 13:12:19.610,7.23635,7.23762,2.78,2.78
2012.05.31 13:12:19.783,7.23635,7.23762,2.78,2.78
2012.05.31 13:12:19.979,7.23617,7.23742,2.78,2.03
2012.05.31 13:12:20.331,7.23617,7.23742,2.78,2.03
2012.05.31 13:12:20.700,7.23613,7.23726,1.50,2.03
2012.05.31 13:12:21.028,7.23613,7.23726,1.50,2.03
2012.05.31 13:12:21.099,7.23613,7.23726,1.50,2.03
2012.05.31 13:12:21.743,7.23601,7.23726,1.50,2.03
2012.05.31 13:12:21.814,7.23601,7.23726,1.50,2.78
2012.05.31 13:12:22.486,7.23599,7.23704,1.20,2.03
2012.05.31 13:12:23.571,7.23583,7.23687,1.50,2.03
2012.05.31 13:12:24.005,7.23563,7.23687,1.50,2.78
2012.05.31 13:12:24.331,7.23558,7.23648,2.67,2.03
2012.05.31 13:12:26.380,7.23558,7.23648,1.92,2.78
2012.05.31 13:12:26.949,7.23558,7.23648,2.67,2.03
2012.05.31 13:12:28.035,7.23558,7.23716,2.67,1.50
2012.05.31 13:12:28.512,7.23514,7.23704,1.50,1.80
2012.05.31 13:12:28.709,7.23504,7.23702,1.50,1.50
2012.05.31 13:12:29.032,7.23498,7.2365,2.67,2.03
2012.05.31 13:12:29.812,7.235,7.23627,2.78,2.03
2012.05.31 13:12:30.033,7.23525,7.2365,2.78,4.05
2012.05.31 13:12:30.175,7.23525,7.2365,2.78,4.05
2012.05.31 13:12:33.890,7.23525,7.2365,2.78,2.03
2012.05.31 13:12:34.211,7.23525,7.2365,2.78,2.03
2012.05.31 13:12:34.481,7.23503,7.23702,1.50,1.80
2012.05.31 13:12:36.000,7.23503,7.2365,1.50,2.03
2012.05.31 13:12:36.528,7.23522,7.23649,2.78,2.03
2012.05.31 13:12:37.589,7.23507,7.23634,2.78,2.78
2012.05.31 13:12:40.408,7.23524,7.23649,2.03,2.78
2012.05.31 13:12:40.659,7.23524,7.23649,2.78,2.78
2012.05.31 13:12:40.791,7.23524,7.23649,2.78,2.78
2012.05.31 13:12:41.170,7.23524,7.23649,2.78,2.03
2012.05.31 13:12:42.473,7.23524,7.23649,2.78,2.78
2012.05.31 13:12:43.768,7.23524,7.23649,2.78,2.78
2012.05.31 13:12:44.780,7.23524,7.23649,2.03,2.78
2012.05.31 13:12:45.090,7.23524,7.23649,2.78,2.78
2012.05.31 13:12:45.289,7.23524,7.23649,2.03,2.78
2012.05.31 13:12:45.636,7.235,7.23626,2.03,2.78
2012.05.31 13:12:45.910,7.23517,7.23644,2.03,2.78
2012.05.31 13:12:46.411,7.23517,7.23644,2.78,2.78
2012.05.31 13:12:46.830,7.23537,7.23662,2.78,2.78
2012.05.31 13:12:47.081,7.23537,7.23662,2.78,2.78
2012.05.31 13:12:47.151,7.23531,7.23656,2.78,2.03
2012.05.31 13:12:47.689,7.23531,7.23656,2.78,2.03
2012.05.31 13:12:48.170,7.23531,7.23656,2.78,2.03
2012.05.31 13:12:48.952,7.23531,7.23656,2.78,2.78
2012.05.31 13:12:49.021,7.23531,7.23656,2.78,2.03
2012.05.31 13:12:49.093,7.23547,7.23674,2.78,2.78
2012.05.31 13:12:49.163,7.23547,7.23674,2.78,2.78
2012.05.31 13:12:49.361,7.23524,7.23649,1.50,2.03
2012.05.31 13:12:50.262,7.23539,7.23664,2.78,2.03
2012.05.31 13:12:51.718,7.23539,7.23664,2.03,2.78
2012.05.31 13:12:51.792,7.23539,7.23664,2.78,2.03
2012.05.31 13:12:55.560,7.23535,7.23663,2.78,2.03
2012.05.31 13:12:56.017,7.23535,7.2366,2.78,2.03
2012.05.31 13:12:56.322,7.23535,7.2366,2.78,2.78
2012.05.31 13:12:56.722,7.23535,7.2366,2.03,2.78
2012.05.31 13:12:56.941,7.23535,7.2366,2.78,2.78
2012.05.31 13:12:57.198,7.23549,7.23677,2.78,2.78
2012.05.31 13:12:57.329,7.23549,7.23677,2.78,2.78
2012.05.31 13:12:57.930,7.23549,7.23677,2.78,2.78
2012.05.31 13:12:58.001,7.23549,7.23677,2.78,2.03
2012.05.31 13:12:58.360,7.23549,7.23677,2.78,2.78
2012.05.31 13:12:58.942,7.23549,7.23677,2.78,2.03
2012.05.31 13:12:59.081,7.23549,7.23677,2.78,2.03
2012.05.31 13:12:59.625,7.23567,7.2366,2.78,2.03
2012.05.31 13:12:59.710,7.23607,7.23722,2.78,2.58
2012.05.31 13:12:59.782,7.23607,7.23722,2.78,1.83
2012.05.31 13:13:00.265,7.23607,7.23722,2.78,2.58
2012.05.31 13:13:01.474,7.23592,7.23717,2.78,2.03
2012.05.31 13:13:01.952,7.23611,7.23722,2.78,1.83
2012.05.31 13:13:02.104,7.23611,7.23722,2.78,2.58
2012.05.31 13:13:02.247,7.23611,7.23722,2.78,2.58
2012.05.31 13:13:03.934,7.23635,7.23752,2.78,1.50
2012.05.31 13:13:04.371,7.23637,7.23762,2.78,2.78
2012.05.31 13:13:05.396,7.23612,7.23738,4.80,2.03
2012.05.31 13:13:05.532,7.23646,7.23773,2.78,4.61
2012.05.31 13:13:05.601,7.23664,7.23762,2.78,2.03
2012.05.31 13:13:05.744,7.23664,7.23773,2.78,2.58
2012.05.31 13:13:05.810,7.23664,7.23773,2.78,1.83
2012.05.31 13:13:06.201,7.23664,7.23773,2.78,2.58
2012.05.31 13:13:06.333,7.23664,7.23773,2.78,1.83
2012.05.31 13:13:06.521,7.23696,7.23821,2.03,2.78
2012.05.31 13:13:06.969,7.23696,7.23821,2.78,2.78
2012.05.31 13:13:07.193,7.23696,7.23821,2.78,2.03
2012.05.31 13:13:07.620,7.23717,7.23833,2.78,2.58
2012.05.31 13:13:07.705,7.2373,7.23858,2.78,2.78
2012.05.31 13:13:07.771,7.23746,7.23869,2.03,1.08
2012.05.31 13:13:07.844,7.23737,7.23863,2.03,2.85
