2010.04.22 23:00:02.111,7.2475,7.2515,1.00,1.00
2010.04.22 23:00:02.254,7.2476,7.2518,1.00,1.00
2010.04.22 23:00:02.726,7.2478,7.2518,1.00,1.00
2010.04.22 23:00:11.084,7.2478,7.25145,1.00,1.40
2010.04.22 23:00:24.816,7.2479,7.25095,1.00,1.40
2010.04.22 23:00:25.224,7.2478,7.25095,1.00,1.40
2010.04.22 23:00:34.593,7.2476,7.25115,1.00,1.40
2010.04.22 23:00:36.913,7.2476,7.2515,1.00,1.40
2010.04.22 23:00:37.041,7.2481,7.2515,1.00,1.40
2010.04.22 23:00:48.945,7.2481,7.25125,1.00,1.40
2010.04.22 23:00:49.179,7.2479,7.25125,1.00,1.40
2010.04.22 23:00:54.477,7.2479,7.25095,1.00,1.40
2010.04.22 23:00:54.818,7.2478,7.25095,1.00,1.40
2010.04.22 23:01:03.937,7.2474,7.2507,1.00,1.40
2010.04.22 23:01:08.344,7.2474,7.25055,1.00,1.40
2010.04.22 23:01:08.424,7.2472,7.25095,1.00,1.40
2010.04.22 23:01:08.783,7.2472,7.2507,1.00,1.40
2010.04.22 23:01:09.546,7.2469,7.2502,1.00,1.40
2010.04.22 23:01:13.926,7.2469,7.2504,1.00,1.40
2010.04.22 23:01:14.145,7.2472,7.2506,1.00,1.40
2010.04.22 23:01:30.433,7.2472,7.25095,1.00,1.40
2010.04.22 23:01:31.083,7.2475,7.25095,1.00,1.40
2010.04.22 23:01:39.442,7.2475,7.25115,1.00,1.40
2010.04.22 23:01:39.762,7.2476,7.25095,1.00,1.40
2010.04.22 23:01:40.078,7.2475,7.25095,1.00,1.40
2010.04.22 23:01:41.629,7.2475,7.25115,1.00,1.40
2010.04.22 23:01:41.828,7.2476,7.25115,1.00,1.40
2010.04.22 23:02:09.151,7.2476,7.2515,1.00,1.50
2010.04.22 23:02:09.440,7.2481,7.2515,1.00,1.40
2010.04.22 23:02:09.731,7.2482,7.2517,1.00,1.40
2010.04.22 23:02:34.123,7.2482,7.2515,1.00,1.40
2010.04.22 23:02:34.194,7.2481,7.2515,1.00,1.40
2010.04.22 23:02:42.708,7.2481,7.2515,1.00,1.40
2010.04.22 23:02:42.863,7.2479,7.2515,1.00,3.00
2010.04.22 23:02:43.012,7.2479,7.25125,1.00,1.40
2010.04.22 23:02:46.044,7.2479,7.25095,1.00,1.40
2010.04.22 23:02:46.131,7.2478,7.25095,1.00,1.40
2010.04.22 23:02:48.951,7.2478,7.2507,1.00,1.40
2010.04.22 23:02:49.260,7.2474,7.2507,1.00,1.40
2010.04.22 23:02:51.040,7.2474,7.25095,1.00,1.40
2010.04.22 23:02:51.559,7.2475,7.25095,1.00,1.40
2010.04.22 23:02:59.657,7.2472,7.25095,1.00,1.40
2010.04.22 23:03:00.252,7.2475,7.25095,1.00,1.40
2010.04.22 23:03:22.774,7.2475,7.2509,1.00,1.60
2010.04.22 23:03:22.805,7.2474,7.2507,1.00,1.40
2010.04.22 23:03:33.332,7.2474,7.25095,1.00,1.40
2010.04.22 23:03:33.779,7.2474,7.2511,1.00,1.40
2010.04.22 23:03:34.259,7.2476,7.2511,1.00,1.40
2010.04.22 23:03:39.277,7.2476,7.25115,1.00,1.40
2010.04.22 23:04:12.161,7.2476,7.2513,1.00,1.40
2010.04.22 23:04:12.647,7.2481,7.2513,1.00,1.40
2010.04.22 23:04:14.681,7.2481,7.25165,1.00,1.40
2010.04.22 23:04:14.869,7.2481,7.25145,1.00,1.40
2010.04.22 23:04:15.211,7.2482,7.25165,1.00,3.00
2010.04.22 23:04:15.550,7.2481,7.25135,1.00,3.00
2010.04.22 23:04:15.891,7.2481,7.25155,1.00,1.60
2010.04.22 23:04:16.232,7.2481,7.2511,1.00,1.40
2010.04.22 23:04:16.429,7.2481,7.25115,1.00,1.40
2010.04.22 23:04:16.629,7.2482,7.25115,1.00,1.40
2010.04.22 23:04:16.941,7.248,7.25115,1.00,1.40
2010.04.22 23:04:17.140,7.2476,7.25115,1.00,1.40
2010.04.22 23:04:37.567,7.2476,7.2513,1.00,1.40
2010.04.22 23:04:37.879,7.2481,7.2513,1.00,1.40
2010.04.22 23:05:16.804,7.2481,7.2511,1.00,1.40
2010.04.22 23:05:16.945,7.248,7.2511,1.00,1.40
2010.04.22 23:05:17.564,7.2476,7.2511,1.00,1.40
2010.04.22 23:05:53.709,7.2476,7.25165,1.00,1.40
2010.04.22 23:05:53.814,7.2482,7.25165,1.00,1.40
2010.04.22 23:05:55.874,7.2482,7.2522,1.00,1.40
2010.04.22 23:05:56.217,7.2488,7.2524,1.00,1.40
2010.04.22 23:05:56.894,7.2493,7.2524,1.00,1.40
2010.04.22 23:06:02.074,7.2493,7.25275,1.00,1.40
2010.04.22 23:06:02.183,7.2494,7.25275,1.00,1.40
2010.04.22 23:06:03.575,7.2494,7.25295,1.00,1.40
2010.04.22 23:06:05.406,7.2498,7.2533,1.00,1.40
2010.04.22 23:06:05.744,7.2498,7.2531,1.00,1.40
2010.04.22 23:06:06.373,7.2494,7.2533,1.00,1.40
2010.04.22 23:06:06.692,7.2498,7.2533,1.00,1.40
2010.04.22 23:06:08.214,7.2498,7.2535,1.00,1.40
2010.04.22 23:06:08.813,7.2498,7.25385,1.00,1.40
2010.04.22 23:06:09.253,7.2504,7.25385,1.00,1.40
2010.04.22 23:06:10.548,7.2504,7.25405,1.00,1.40
2010.04.22 23:06:11.993,7.2503,7.25365,1.00,1.40
2010.04.22 23:06:12.321,7.2499,7.25365,1.00,1.40
2010.04.22 23:06:12.875,7.2499,7.25405,1.00,1.40
2010.04.22 23:06:13.401,7.2499,7.2544,1.00,1.40
2010.04.22 23:06:13.746,7.2506,7.25495,1.00,1.40
2010.04.22 23:06:14.084,7.24875,7.2547,1.00,1.40
2010.04.22 23:06:14.833,7.2507,7.2544,1.00,1.40
2010.04.22 23:06:15.171,7.2506,7.2546,1.00,1.40
2010.04.22 23:06:15.512,7.2506,7.2547,1.00,1.40
2010.04.22 23:06:16.192,7.251,7.25495,1.00,1.40
2010.04.22 23:06:16.532,7.2516,7.25515,1.00,1.40
2010.04.22 23:06:18.739,7.2516,7.2554,1.00,1.60
2010.04.22 23:06:19.058,7.2516,7.25605,1.00,1.40
2010.04.22 23:06:19.144,7.2516,7.25625,1.00,1.40
2010.04.22 23:06:19.786,7.2516,7.25605,1.00,1.40
2010.04.22 23:06:20.144,7.2525,7.25625,1.00,1.40
2010.04.22 23:06:20.822,7.2525,7.25655,1.00,1.40
2010.04.22 23:06:21.153,7.2533,7.2568,1.00,1.40
2010.04.22 23:06:21.462,7.2533,7.2568,1.00,3.00
2010.04.22 23:06:21.773,7.2533,7.2571,1.00,1.40
2010.04.22 23:06:22.084,7.2536,7.25735,1.00,1.40
2010.04.22 23:06:23.002,7.2536,7.25765,1.00,1.40
2010.04.22 23:06:23.344,7.2542,7.25765,1.00,1.40
2010.04.22 23:06:23.940,7.2542,7.2579,1.00,1.40
2010.04.22 23:06:24.582,7.2542,7.2582,1.00,1.40
2010.04.22 23:06:25.135,7.2542,7.25845,1.00,1.40
2010.04.22 23:06:25.480,7.2552,7.25845,1.00,1.40
2010.04.22 23:06:25.822,7.2552,7.25875,1.00,1.40
2010.04.22 23:06:26.163,7.2552,7.259,1.00,1.40
2010.04.22 23:06:26.879,7.2555,7.26115,1.00,1.60
2010.04.22 23:06:27.209,7.2559,7.2614,1.60,1.40
2010.04.22 23:06:27.348,7.25645,7.26205,1.60,1.40
2010.04.22 23:06:27.701,7.25645,7.2626,1.60,1.40
2010.04.22 23:06:27.854,7.25705,7.2639,1.60,1.40
2010.04.22 23:06:27.993,7.2586,7.26505,1.00,1.40
2010.04.22 23:06:28.373,7.2594,7.2653,1.00,1.60
2010.04.22 23:06:28.728,7.2608,7.2661,1.00,1.00
2010.04.22 23:06:29.361,7.2597,7.2667,1.00,1.60
2010.04.22 23:06:29.700,7.2632,7.2673,1.00,1.40
2010.04.22 23:06:30.480,7.2612,7.2656,1.00,1.00
2010.04.22 23:06:30.819,7.2612,7.2656,1.00,1.00
2010.04.22 23:06:31.161,7.2612,7.2656,1.00,1.00
2010.04.22 23:06:32.178,7.2618,7.2652,1.00,1.00
2010.04.22 23:06:32.521,7.2612,7.26795,1.00,1.60
2010.04.22 23:06:32.851,7.2637,7.2678,1.00,1.40
2010.04.22 23:06:33.351,7.2637,7.268,1.00,1.60
2010.04.22 23:06:33.812,7.2629,7.26795,1.00,1.40
2010.04.22 23:06:34.090,7.2633,7.26735,1.00,1.60
2010.04.22 23:06:34.367,7.264,7.26735,1.00,1.60
2010.04.22 23:06:34.650,7.2628,7.2679,1.00,1.60
2010.04.22 23:06:34.931,7.2628,7.2674,1.00,1.40
2010.04.22 23:06:35.281,7.2628,7.26705,1.00,1.40
2010.04.22 23:06:35.631,7.2628,7.2675,1.00,1.40
2010.04.22 23:06:36.140,7.2638,7.2675,1.00,3.00
2010.04.22 23:06:36.378,7.2638,7.2675,1.00,1.40
2010.04.22 23:06:36.617,7.2638,7.26775,1.00,1.60
2010.04.22 23:06:36.856,7.2638,7.2703,1.00,1.40
2010.04.22 23:06:37.378,7.264,7.2703,1.00,1.40
2010.04.22 23:06:37.717,7.2664,7.2703,1.00,1.40
2010.04.22 23:06:38.418,7.2664,7.26975,1.00,1.40
2010.04.22 23:06:38.759,7.2663,7.2692,1.00,1.40
2010.04.22 23:06:39.098,7.2667,7.2692,1.00,1.40
2010.04.22 23:06:39.439,7.2656,7.278,1.00,1.60
2010.04.22 23:06:39.781,7.2687,7.27735,1.00,1.40
2010.04.22 23:06:40.127,7.2687,7.27755,1.00,1.40
2010.04.22 23:06:40.468,7.2695,7.27555,1.00,1.40
2010.04.22 23:06:40.808,7.2712,7.2758,1.00,1.40
2010.04.22 23:06:41.147,7.2692,7.2758,1.00,1.40
2010.04.22 23:06:41.488,7.2706,7.27505,1.00,1.40
2010.04.22 23:06:41.829,7.2718,7.27525,1.00,1.40
2010.04.22 23:06:42.575,7.2708,7.27625,1.00,1.40
2010.04.22 23:06:42.928,7.2722,7.2746,1.00,1.00
2010.04.22 23:06:43.472,7.2624,7.2746,1.00,1.00
2010.04.22 23:06:43.818,7.2706,7.27555,1.00,1.40
2010.04.22 23:06:44.334,7.2671,7.2754,1.00,3.00
2010.04.22 23:06:44.675,7.2682,7.2747,1.00,1.40
2010.04.22 23:06:45.355,7.2704,7.2747,1.00,1.40
2010.04.22 23:06:46.035,7.2704,7.27425,1.00,1.40
2010.04.22 23:06:46.904,7.2704,7.27355,1.00,1.40
2010.04.22 23:06:47.249,7.27,7.27435,1.00,3.00
2010.04.22 23:06:47.788,7.2694,7.27435,1.00,1.40
2010.04.22 23:06:48.086,7.2702,7.2739,1.00,1.40
2010.04.22 23:06:48.705,7.2692,7.2735,1.00,1.40
2010.04.22 23:06:49.023,7.2692,7.27315,1.00,1.40
2010.04.22 23:06:49.335,7.2692,7.27305,1.00,1.40
2010.04.22 23:06:50.189,7.2694,7.273,1.00,1.40
2010.04.22 23:06:50.434,7.2694,7.2728,1.00,1.40
2010.04.22 23:06:50.922,7.2682,7.2728,1.00,1.40
2010.04.22 23:06:51.193,7.2682,7.2726,1.00,1.40
2010.04.22 23:06:51.536,7.2682,7.2722,1.00,1.40
2010.04.22 23:06:52.117,7.2684,7.27245,1.00,1.40
2010.04.22 23:06:53.622,7.2684,7.2728,1.00,1.40
2010.04.22 23:06:54.033,7.2684,7.2727,1.00,1.60
2010.04.22 23:06:54.185,7.2688,7.27295,1.00,1.40
2010.04.22 23:06:54.335,7.2686,7.27295,1.00,1.40
2010.04.22 23:06:54.481,7.2692,7.27295,1.00,1.40
2010.04.22 23:06:55.702,7.2694,7.2723,1.00,1.40
2010.04.22 23:06:55.901,7.2693,7.2723,1.00,1.40
2010.04.22 23:06:56.102,7.268,7.2723,1.00,1.40
2010.04.22 23:06:57.937,7.2682,7.2715,1.00,1.40
2010.04.22 23:06:58.613,7.2678,7.2715,1.00,1.40
2010.04.22 23:06:58.954,7.2673,7.2715,1.00,1.40
2010.04.22 23:06:59.635,7.2673,7.27115,1.00,1.40
2010.04.22 23:07:00.363,7.2673,7.271,1.00,1.40
2010.04.22 23:07:00.704,7.2673,7.2717,1.00,1.40
2010.04.22 23:07:01.012,7.2673,7.27195,1.00,1.40
2010.04.22 23:07:01.314,7.2673,7.2717,1.00,1.40
2010.04.22 23:07:01.671,7.2678,7.2717,1.00,1.40
2010.04.22 23:07:01.975,7.2678,7.27285,1.00,1.60
2010.04.22 23:07:02.576,7.2678,7.2735,1.00,1.40
2010.04.22 23:07:02.927,7.2685,7.2735,1.00,1.40
2010.04.22 23:07:03.191,7.2691,7.2733,1.00,1.40
2010.04.22 23:07:03.901,7.2691,7.27285,1.00,1.40
2010.04.22 23:07:04.242,7.2688,7.27215,1.00,1.40
2010.04.22 23:07:05.324,7.2682,7.2728,1.00,1.40
2010.04.22 23:07:05.674,7.2688,7.2726,1.00,1.40
2010.04.22 23:07:06.019,7.2683,7.2726,1.00,1.40
2010.04.22 23:07:06.652,7.2683,7.27225,1.00,1.40
2010.04.22 23:07:06.969,7.2683,7.2725,1.00,1.40
2010.04.22 23:07:09.281,7.2683,7.2727,1.00,1.60
2010.04.22 23:07:09.622,7.2683,7.2733,1.00,1.40
2010.04.22 23:07:09.962,7.2683,7.27355,1.00,1.40
2010.04.22 23:07:10.459,7.2693,7.27355,1.00,1.40
2010.04.22 23:07:14.318,7.2695,7.27315,1.00,1.40
2010.04.22 23:07:14.858,7.2695,7.2727,1.00,1.60
2010.04.22 23:07:15.563,7.267,7.2727,1.00,1.60
2010.04.22 23:07:15.901,7.26685,7.2727,1.00,1.60
2010.04.22 23:07:16.247,7.26665,7.2726,1.00,1.40
2010.04.22 23:07:17.143,7.26725,7.2727,1.00,1.60
2010.04.22 23:07:17.489,7.2676,7.2727,1.00,1.60
2010.04.22 23:07:17.830,7.2676,7.27315,1.00,1.40
2010.04.22 23:07:19.519,7.2678,7.27325,1.00,1.60
2010.04.22 23:07:20.295,7.2676,7.27315,1.00,1.40
2010.04.22 23:07:20.636,7.26755,7.2731,1.00,1.40
2010.04.22 23:07:20.976,7.2694,7.2731,1.00,1.40
2010.04.22 23:07:21.258,7.26735,7.2733,1.00,1.40
2010.04.22 23:07:22.304,7.26775,7.27355,1.00,1.60
2010.04.22 23:07:22.517,7.2685,7.2751,1.00,1.60
2010.04.22 23:07:22.728,7.2691,7.2759,1.00,1.40
2010.04.22 23:07:22.938,7.2694,7.2762,1.00,1.40
2010.04.22 23:07:23.579,7.2696,7.27625,1.00,1.40
2010.04.22 23:07:24.784,7.2697,7.27605,1.00,1.40
2010.04.22 23:07:25.467,7.2703,7.2764,1.00,1.40
2010.04.22 23:07:26.012,7.2703,7.2766,1.00,1.40
2010.04.22 23:07:26.345,7.2702,7.27635,1.00,1.40
2010.04.22 23:07:27.025,7.2698,7.27555,1.00,1.40
2010.04.22 23:07:28.323,7.27015,7.2756,1.00,1.60
2010.04.22 23:07:28.797,7.27,7.27555,1.00,1.40
2010.04.22 23:07:29.106,7.26975,7.2753,1.00,1.40
2010.04.22 23:07:29.314,7.2701,7.27565,1.00,1.40
2010.04.22 23:07:29.734,7.2707,7.27625,1.00,1.40
2010.04.22 23:07:30.235,7.27035,7.2759,1.00,1.40
2010.04.22 23:07:31.253,7.2705,7.27605,1.00,1.40
2010.04.22 23:07:31.574,7.27075,7.2763,1.00,1.40
2010.04.22 23:07:31.895,7.27055,7.2761,1.00,1.40
2010.04.22 23:07:32.214,7.27125,7.2765,1.00,1.60
2010.04.22 23:07:32.750,7.27085,7.2764,1.00,1.40
2010.04.22 23:07:33.094,7.27085,7.27635,1.00,1.40
2010.04.22 23:07:35.144,7.27035,7.2759,1.00,1.40
2010.04.22 23:07:35.605,7.27035,7.27605,1.00,1.40
2010.04.22 23:07:35.946,7.27075,7.2763,1.00,3.00
2010.04.22 23:07:36.295,7.27055,7.2761,1.00,1.40
2010.04.22 23:07:37.314,7.271,7.2761,1.60,1.40
2010.04.22 23:07:37.595,7.2705,7.27605,1.00,1.40
2010.04.22 23:07:37.875,7.27075,7.2763,1.00,1.40
2010.04.22 23:07:38.560,7.27125,7.2765,1.00,1.60
2010.04.22 23:07:38.801,7.27125,7.2768,1.00,1.40
2010.04.22 23:07:40.238,7.2718,7.27735,1.00,1.40
2010.04.22 23:07:41.600,7.2721,7.27735,1.60,1.40
2010.04.22 23:07:41.877,7.27235,7.2779,1.00,1.40
2010.04.22 23:07:42.271,7.2724,7.27675,1.00,1.60
2010.04.22 23:07:42.471,7.2727,7.2773,1.00,1.60
2010.04.22 23:07:42.897,7.2725,7.2773,1.00,1.60
2010.04.22 23:07:43.242,7.272,7.27775,1.00,1.40
2010.04.22 23:07:43.581,7.2722,7.2783,1.00,1.60
2010.04.22 23:07:44.259,7.2745,7.2805,1.00,1.40
2010.04.22 23:07:44.603,7.2726,7.28,1.00,1.60
2010.04.22 23:07:45.196,7.27285,7.2791,1.60,1.40
2010.04.22 23:07:45.501,7.2731,7.279,1.00,1.40
2010.04.22 23:07:45.842,7.274,7.27955,1.00,1.40
2010.04.22 23:07:46.184,7.27435,7.2799,1.00,1.40
2010.04.22 23:07:48.055,7.2746,7.2801,1.00,3.00
2010.04.22 23:07:48.220,7.2746,7.2801,1.00,1.40
2010.04.22 23:07:48.813,7.2742,7.2797,1.00,1.40
2010.04.22 23:07:48.981,7.27435,7.2799,1.70,1.40
2010.04.22 23:07:49.319,7.2746,7.28015,1.00,1.40
2010.04.22 23:07:49.661,7.27345,7.27895,1.00,1.60
2010.04.22 23:07:49.998,7.27345,7.27935,1.00,1.40
2010.04.22 23:07:50.678,7.2736,7.27915,1.00,1.40
2010.04.22 23:07:51.234,7.2738,7.27935,1.70,1.40
2010.04.22 23:07:51.581,7.27405,7.2796,1.00,1.40
2010.04.22 23:07:52.259,7.27365,7.27905,1.00,1.60
2010.04.22 23:07:52.600,7.2735,7.27855,1.00,1.60
2010.04.22 23:07:52.938,7.2731,7.27855,1.00,1.60
2010.04.22 23:07:53.278,7.27275,7.2783,1.00,1.40
2010.04.22 23:07:53.621,7.27315,7.27865,1.00,1.40
2010.04.22 23:07:53.972,7.2735,7.27905,1.00,1.40
2010.04.22 23:07:55.556,7.27315,7.2787,1.00,1.40
2010.04.22 23:07:56.471,7.27305,7.27855,1.00,1.40
2010.04.22 23:07:56.707,7.27305,7.27875,1.00,1.40
2010.04.22 23:07:57.267,7.2732,7.27875,1.00,1.40
2010.04.22 23:07:58.866,7.27295,7.27835,1.60,1.40
2010.04.22 23:07:59.173,7.27335,7.27945,1.60,1.40
2010.04.22 23:08:01.196,7.2728,7.27855,1.00,1.40
2010.04.22 23:08:03.007,7.27325,7.2788,1.00,1.40
2010.04.22 23:08:03.495,7.27305,7.27855,1.00,1.40
2010.04.22 23:08:03.916,7.2725,7.27805,1.00,1.40
2010.04.22 23:08:04.066,7.2727,7.27825,1.00,1.40
2010.04.22 23:08:04.372,7.2727,7.2782,1.00,1.60
2010.04.22 23:08:04.521,7.27295,7.2785,1.00,1.40
2010.04.22 23:08:04.874,7.27275,7.2783,1.00,1.40
2010.04.22 23:08:05.428,7.2734,7.27895,1.00,1.40
2010.04.22 23:08:05.778,7.27275,7.2783,1.00,1.40
2010.04.22 23:08:06.115,7.27295,7.27845,1.00,1.40
2010.04.22 23:08:07.135,7.27325,7.2788,1.00,1.40
2010.04.22 23:08:07.474,7.2735,7.27905,1.00,1.40
2010.04.22 23:08:07.816,7.2733,7.27885,1.00,1.40
2010.04.22 23:08:08.116,7.2728,7.2781,1.60,1.40
2010.04.22 23:08:08.417,7.27255,7.2781,1.00,1.40
2010.04.22 23:08:11.244,7.27295,7.27845,1.00,1.40
2010.04.22 23:08:12.019,7.27325,7.2788,1.00,1.40
2010.04.22 23:08:12.586,7.2735,7.27905,1.00,1.40
2010.04.22 23:08:12.867,7.27345,7.27895,1.00,1.40
2010.04.22 23:08:13.156,7.2733,7.27895,1.00,1.40
2010.04.22 23:08:13.619,7.27305,7.27855,1.00,1.40
2010.04.22 23:08:13.967,7.27305,7.2786,1.00,1.40
2010.04.22 23:08:16.694,7.27285,7.27835,1.00,1.40
2010.04.22 23:08:17.054,7.2725,7.27805,1.00,1.40
2010.04.22 23:08:17.238,7.27225,7.27775,1.60,1.40
2010.04.22 23:08:17.424,7.2722,7.27775,1.00,1.40
2010.04.22 23:08:18.632,7.27195,7.27745,1.00,1.40
2010.04.22 23:08:19.243,7.27165,7.27735,1.00,1.40
2010.04.22 23:08:19.733,7.27165,7.2772,1.00,1.40
2010.04.22 23:08:20.073,7.2714,7.27695,1.00,1.40
2010.04.22 23:08:21.193,7.2716,7.2771,1.00,1.60
2010.04.22 23:08:21.532,7.2716,7.27715,1.00,1.40
2010.04.22 23:08:22.213,7.2709,7.27645,1.00,1.40
2010.04.22 23:08:23.243,7.2713,7.2768,1.00,1.40
2010.04.22 23:08:23.582,7.2716,7.2771,1.00,1.60
2010.04.22 23:08:23.771,7.2711,7.27665,1.00,1.40
2010.04.22 23:08:24.222,7.27125,7.2768,1.00,1.40
2010.04.22 23:08:24.416,7.27195,7.2779,1.00,1.40
2010.04.22 23:08:25.854,7.2712,7.27705,1.00,1.40
2010.04.22 23:08:26.141,7.2718,7.2775,1.00,1.40
2010.04.22 23:08:26.718,7.2714,7.27715,1.00,1.40
2010.04.22 23:08:27.064,7.2712,7.27685,1.00,1.40
2010.04.22 23:08:27.411,7.27135,7.27685,1.00,1.40
2010.04.22 23:08:28.321,7.2713,7.27685,1.00,1.40
2010.04.22 23:08:29.633,7.2711,7.27665,1.00,1.40
2010.04.22 23:08:29.932,7.271,7.27655,1.00,1.40
2010.04.22 23:08:30.269,7.2713,7.27685,1.00,1.40
2010.04.22 23:08:30.609,7.2711,7.27665,1.00,1.40
2010.04.22 23:08:31.175,7.2713,7.27685,1.00,1.40
2010.04.22 23:08:31.390,7.27085,7.27595,1.00,1.60
2010.04.22 23:08:31.599,7.2705,7.2762,1.00,1.60
2010.04.22 23:08:31.808,7.26985,7.2756,1.00,3.00
2010.04.22 23:08:32.293,7.26985,7.2756,1.00,1.40
2010.04.22 23:08:32.641,7.2687,7.27465,1.00,1.40
2010.04.22 23:08:33.999,7.26865,7.27415,1.00,1.40
2010.04.22 23:08:34.341,7.26835,7.2739,1.00,1.40
2010.04.22 23:08:35.201,7.2684,7.2739,1.60,1.40
2010.04.22 23:08:35.541,7.2692,7.2751,1.00,1.40
2010.04.22 23:08:35.889,7.26945,7.27535,1.00,1.40
2010.04.22 23:08:36.828,7.26965,7.27505,1.00,1.60
2010.04.22 23:08:37.087,7.2692,7.27475,1.00,1.40
2010.04.22 23:08:37.349,7.26885,7.2744,1.00,1.40
2010.04.22 23:08:37.608,7.2683,7.27385,1.00,1.40
2010.04.22 23:08:37.948,7.26885,7.2744,1.00,1.40
2010.04.22 23:08:39.142,7.2691,7.27465,1.00,1.40
2010.04.22 23:08:39.720,7.2692,7.27475,1.00,1.40
2010.04.22 23:08:40.070,7.26885,7.2744,1.00,1.40
2010.04.22 23:08:40.525,7.2696,7.27515,1.00,1.40
2010.04.22 23:08:41.557,7.2694,7.2744,1.60,1.40
2010.04.22 23:08:41.897,7.2691,7.27465,1.00,1.40
2010.04.22 23:08:42.238,7.2694,7.27495,1.00,1.40
2010.04.22 23:08:43.279,7.2692,7.27475,1.00,1.40
2010.04.22 23:08:43.549,7.2694,7.27495,1.00,1.40
2010.04.22 23:08:43.820,7.26945,7.2745,1.00,1.00
2010.04.22 23:08:44.439,7.2679,7.2748,1.00,1.50
2010.04.22 23:08:44.647,7.2679,7.27455,1.00,1.40
2010.04.22 23:08:44.989,7.2676,7.2742,1.00,1.00
2010.04.22 23:08:46.007,7.2683,7.27425,1.00,1.40
2010.04.22 23:08:46.558,7.26855,7.27425,1.00,1.40
2010.04.22 23:08:46.900,7.26885,7.2744,1.00,1.40
2010.04.22 23:08:48.176,7.2686,7.2741,1.60,1.40
2010.04.22 23:08:48.373,7.2685,7.27405,1.00,1.40
2010.04.22 23:08:48.567,7.26885,7.2744,1.00,1.40
2010.04.22 23:08:53.308,7.26815,7.2737,1.00,1.40
2010.04.22 23:08:54.844,7.26815,7.27325,1.00,1.60
2010.04.22 23:08:55.181,7.26815,7.2737,1.00,1.40
2010.04.22 23:08:55.866,7.2676,7.2729,1.00,1.60
2010.04.22 23:08:56.311,7.2676,7.27335,1.00,1.40
2010.04.22 23:08:57.574,7.268,7.27355,1.00,3.00
2010.04.22 23:08:57.864,7.268,7.27355,1.00,1.40
2010.04.22 23:08:58.652,7.2683,7.27385,1.00,1.40
2010.04.22 23:08:58.884,7.2681,7.27325,1.00,1.60
2010.04.22 23:08:59.456,7.26705,7.2728,1.00,1.40
2010.04.22 23:09:00.724,7.267,7.27255,1.00,1.40
2010.04.22 23:09:02.452,7.2672,7.27275,1.00,1.40
2010.04.22 23:09:04.574,7.2672,7.2727,1.00,1.60
2010.04.22 23:09:04.913,7.267,7.27255,1.00,1.40
2010.04.22 23:09:05.252,7.26685,7.2724,1.00,1.40
2010.04.22 23:09:07.291,7.2672,7.27275,1.00,1.40
2010.04.22 23:09:07.630,7.267,7.27255,1.00,1.40
2010.04.22 23:09:13.459,7.26665,7.2722,1.00,1.40
2010.04.22 23:09:14.415,7.26645,7.272,1.00,1.40
2010.04.22 23:09:16.571,7.2661,7.27165,1.00,1.40
2010.04.22 23:09:19.207,7.2661,7.27165,1.70,1.40
2010.04.22 23:09:19.327,7.26635,7.2716,1.00,1.60
2010.04.22 23:09:19.779,7.2661,7.27165,1.00,1.40
2010.04.22 23:09:20.458,7.26665,7.2722,1.00,1.40
2010.04.22 23:09:22.763,7.2669,7.27245,1.00,1.40
2010.04.22 23:09:23.287,7.267,7.27245,1.60,1.40
2010.04.22 23:09:23.576,7.2672,7.27275,1.00,1.40
2010.04.22 23:09:27.128,7.26745,7.2727,1.00,1.60
2010.04.22 23:09:27.470,7.2672,7.27275,1.00,1.40
2010.04.22 23:09:28.045,7.267,7.27255,1.00,1.40
2010.04.22 23:09:28.280,7.26725,7.2728,1.00,1.40
2010.04.22 23:09:29.934,7.26745,7.27295,1.00,1.40
2010.04.22 23:09:30.235,7.26775,7.2733,1.00,1.40
2010.04.22 23:09:30.958,7.26785,7.2733,1.60,1.40
2010.04.22 23:09:31.301,7.26855,7.2743,1.00,1.40
2010.04.22 23:09:31.608,7.26855,7.27415,1.00,1.60
2010.04.22 23:09:31.915,7.26815,7.27385,1.00,1.40
2010.04.22 23:09:35.386,7.26855,7.2741,1.00,1.40
2010.04.22 23:09:37.982,7.26905,7.2743,1.00,1.60
2010.04.22 23:09:38.245,7.26905,7.2746,1.00,1.40
2010.04.22 23:09:38.503,7.2696,7.27485,1.00,1.60
2010.04.22 23:09:38.857,7.2696,7.27515,1.00,1.40
2010.04.22 23:09:39.179,7.27015,7.2754,1.00,1.60
2010.04.22 23:09:39.497,7.27015,7.2757,1.00,1.40
2010.04.22 23:09:39.817,7.26995,7.2755,1.00,1.40
2010.04.22 23:09:40.475,7.2702,7.2757,1.00,1.40
2010.04.22 23:09:41.366,7.26995,7.2755,1.00,1.50
2010.04.22 23:09:41.715,7.26995,7.2755,1.00,1.40
2010.04.22 23:09:42.053,7.2702,7.27545,1.00,1.60
2010.04.22 23:09:42.390,7.2702,7.2757,1.00,1.40
2010.04.22 23:09:43.713,7.2703,7.2757,1.60,1.40
2010.04.22 23:09:44.013,7.27,7.27555,1.00,1.40
2010.04.22 23:09:47.134,7.27,7.27555,1.00,1.40
2010.04.22 23:09:47.242,7.27015,7.2757,1.00,1.40
2010.04.22 23:09:47.353,7.2705,7.27605,1.00,1.40
2010.04.22 23:09:49.451,7.27125,7.2766,1.00,1.00
2010.04.22 23:09:49.503,7.27125,7.27675,1.00,1.40
2010.04.22 23:09:49.549,7.27125,7.27655,1.00,1.60
2010.04.22 23:09:50.038,7.27125,7.27675,1.00,1.40
2010.04.22 23:09:50.720,7.27055,7.2761,1.00,1.40
2010.04.22 23:09:51.060,7.27105,7.2766,1.00,1.40
2010.04.22 23:09:52.980,7.2709,7.27645,1.00,1.40
2010.04.22 23:09:54.011,7.2706,7.27605,1.60,1.40
2010.04.22 23:09:54.300,7.27125,7.27675,1.00,1.40
2010.04.22 23:09:55.431,7.271,7.2764,1.60,1.40
2010.04.22 23:09:55.770,7.27085,7.2764,1.00,1.40
2010.04.22 23:09:56.109,7.2705,7.27605,1.00,1.40
2010.04.22 23:10:01.252,7.27075,7.276,1.00,1.60
2010.04.22 23:10:01.600,7.27105,7.2765,1.00,1.60
2010.04.22 23:10:01.797,7.27105,7.2766,1.00,1.40
2010.04.22 23:10:02.197,7.2713,7.27685,1.00,3.00
2010.04.22 23:10:02.400,7.2713,7.27685,1.00,1.40
2010.04.22 23:10:03.548,7.27165,7.2772,1.00,1.40
2010.04.22 23:10:04.876,7.27185,7.27735,1.00,1.40
2010.04.22 23:10:05.216,7.27215,7.2777,1.00,1.40
2010.04.22 23:10:05.556,7.27195,7.2775,1.00,1.40
2010.04.22 23:10:07.257,7.27205,7.27755,1.00,1.40
2010.04.22 23:10:07.526,7.2724,7.2779,1.00,1.40
2010.04.22 23:10:07.867,7.27215,7.2777,1.00,1.40
2010.04.22 23:10:09.071,7.27215,7.2777,1.70,1.40
2010.04.22 23:10:09.315,7.27245,7.27795,1.60,1.40
2010.04.22 23:10:09.556,7.2727,7.27825,1.00,1.40
2010.04.22 23:10:09.959,7.2725,7.27805,1.00,1.40
2010.04.22 23:10:10.307,7.2722,7.27775,1.00,1.40
2010.04.22 23:10:10.984,7.27225,7.27775,1.60,1.40
2010.04.22 23:10:11.326,7.2729,7.2788,1.00,1.40
2010.04.22 23:10:11.665,7.27255,7.2785,1.00,1.40
2010.04.22 23:10:11.866,7.2723,7.27825,1.00,1.40
2010.04.22 23:10:12.793,7.2725,7.27765,1.00,1.60
2010.04.22 23:10:13.135,7.27255,7.27805,1.60,1.40
2010.04.22 23:10:13.475,7.27325,7.2787,1.00,1.60
2010.04.22 23:10:13.814,7.27325,7.2788,1.00,1.40
2010.04.22 23:10:14.158,7.2735,7.27905,1.00,1.40
2010.04.22 23:10:14.944,7.2738,7.27935,1.00,1.40
2010.04.22 23:10:15.624,7.274,7.27955,1.00,1.40
2010.04.22 23:10:15.967,7.27435,7.2799,1.00,1.40
2010.04.22 23:10:17.984,7.27415,7.2797,1.00,1.40
2010.04.22 23:10:18.471,7.27415,7.2796,1.00,1.60
2010.04.22 23:10:18.716,7.27415,7.27945,1.00,1.60
2010.04.22 23:10:18.838,7.2736,7.2789,1.00,1.60
2010.04.22 23:10:19.062,7.2736,7.27915,1.00,1.40
2010.04.22 23:10:20.656,7.27325,7.2788,1.00,1.40
2010.04.22 23:10:22.002,7.2733,7.27885,1.00,1.40
2010.04.22 23:10:22.342,7.27325,7.2788,1.00,1.40
2010.04.22 23:10:22.493,7.27305,7.2786,1.00,1.40
2010.04.22 23:10:22.643,7.27275,7.27825,1.00,1.40
2010.04.22 23:10:23.992,7.27275,7.27765,1.00,1.60
2010.04.22 23:10:24.312,7.2725,7.27805,1.70,1.40
2010.04.22 23:10:24.633,7.2727,7.27825,1.00,1.40
2010.04.22 23:10:25.240,7.2725,7.27805,1.70,1.40
2010.04.22 23:10:25.585,7.2727,7.27825,1.00,1.40
2010.04.22 23:10:27.128,7.27145,7.2776,1.00,1.00
2010.04.22 23:10:27.295,7.2712,7.2772,1.00,1.00
2010.04.22 23:10:27.462,7.2712,7.2771,1.00,1.60
2010.04.22 23:10:28.541,7.27145,7.2776,1.60,1.00
2010.04.22 23:10:28.884,7.27215,7.278,1.00,1.40
2010.04.22 23:10:29.153,7.27215,7.27795,1.00,1.60
2010.04.22 23:10:29.412,7.27215,7.27775,1.00,1.40
2010.04.22 23:10:32.029,7.2722,7.27775,1.00,1.40
2010.04.22 23:10:32.609,7.27285,7.2784,1.00,1.50
2010.04.22 23:10:32.902,7.27285,7.2784,1.00,1.40
2010.04.22 23:10:33.200,7.2726,7.27805,1.70,1.40
2010.04.22 23:10:33.461,7.2727,7.27825,1.00,1.40
2010.04.22 23:10:35.089,7.2727,7.2782,1.00,1.60
2010.04.22 23:10:35.391,7.2727,7.27825,1.00,1.40
2010.04.22 23:10:35.691,7.27295,7.2782,1.00,1.60
2010.04.22 23:10:35.991,7.27295,7.2785,1.00,1.40
2010.04.22 23:10:36.683,7.27325,7.2787,1.00,1.60
2010.04.22 23:10:37.009,7.27325,7.2788,1.00,1.40
2010.04.22 23:10:38.663,7.2735,7.27905,1.00,1.40
2010.04.22 23:10:39.050,7.27325,7.2788,1.00,1.40
2010.04.22 23:10:39.430,7.2736,7.27915,1.00,1.40
2010.04.22 23:10:39.717,7.2736,7.27905,1.00,1.60
2010.04.22 23:10:40.059,7.27325,7.2788,1.00,1.40
2010.04.22 23:10:41.948,7.274,7.2795,1.00,1.40
2010.04.22 23:10:43.070,7.2737,7.27915,1.00,1.40
2010.04.22 23:10:43.312,7.2738,7.27935,1.00,1.40
2010.04.22 23:10:43.800,7.2736,7.27915,1.00,1.40
2010.04.22 23:10:45.317,7.27345,7.279,1.00,1.40
2010.04.22 23:10:46.386,7.2741,7.28005,1.00,1.40
2010.04.22 23:10:46.707,7.2736,7.27955,1.00,1.40
2010.04.22 23:10:48.027,7.2736,7.27915,1.00,1.40
2010.04.22 23:10:48.356,7.2743,7.27985,1.00,1.40
2010.04.22 23:10:48.605,7.27365,7.2792,1.00,1.40
2010.04.22 23:10:48.856,7.27385,7.2794,1.00,1.40
2010.04.22 23:10:50.007,7.27405,7.27955,1.00,1.40
2010.04.22 23:10:50.954,7.27405,7.2793,1.00,1.60
2010.04.22 23:10:51.298,7.2736,7.2794,1.60,1.40
2010.04.22 23:10:51.588,7.2738,7.27935,1.00,1.40
2010.04.22 23:10:53.520,7.2738,7.2793,1.00,1.60
2010.04.22 23:10:53.942,7.2736,7.27915,1.00,1.40
2010.04.22 23:10:54.594,7.274,7.2793,1.00,1.60
2010.04.22 23:10:54.936,7.2738,7.27935,1.00,1.40
2010.04.22 23:10:56.886,7.27435,7.27975,1.00,1.60
2010.04.22 23:10:56.993,7.27435,7.2799,1.00,1.40
2010.04.22 23:10:58.190,7.27385,7.2794,1.00,1.40
2010.04.22 23:10:59.074,7.27365,7.27915,1.00,1.40
2010.04.22 23:11:00.741,7.274,7.2794,1.00,1.60
2010.04.22 23:11:01.086,7.2736,7.27915,1.00,1.40
2010.04.22 23:11:02.254,7.274,7.27955,1.00,1.40
2010.04.22 23:11:03.173,7.2736,7.27915,1.00,1.40
2010.04.22 23:11:03.491,7.2735,7.279,1.00,1.40
2010.04.22 23:11:06.739,7.2738,7.27925,1.00,1.60
2010.04.22 23:11:06.966,7.27405,7.2796,1.00,1.40
2010.04.22 23:11:07.190,7.27435,7.2799,1.00,1.40
2010.04.22 23:11:07.422,7.27415,7.2797,1.00,1.40
2010.04.22 23:11:07.888,7.27385,7.2793,1.00,1.60
2010.04.22 23:11:08.238,7.2736,7.27915,1.00,1.40
2010.04.22 23:11:09.674,7.2736,7.27885,1.00,1.60
2010.04.22 23:11:09.927,7.2731,7.2784,1.00,1.60
2010.04.22 23:11:13.508,7.27285,7.27825,1.60,1.40
2010.04.22 23:11:13.580,7.27275,7.2771,1.00,1.60
2010.04.22 23:11:13.832,7.27275,7.2783,1.00,1.60
2010.04.22 23:11:14.981,7.27275,7.2771,1.00,1.60
2010.04.22 23:11:15.666,7.2725,7.2771,1.00,1.60
2010.04.22 23:11:15.861,7.2725,7.27805,1.00,1.60
2010.04.22 23:11:16.952,7.27195,7.27655,1.00,1.60
2010.04.22 23:11:17.298,7.27195,7.27705,1.00,1.60
2010.04.22 23:11:17.891,7.27165,7.27665,1.00,1.60
2010.04.22 23:11:18.237,7.2714,7.27675,1.00,1.60
2010.04.22 23:11:18.587,7.2711,7.2763,1.00,1.60
2010.04.22 23:11:19.069,7.2711,7.2766,1.00,1.40
2010.04.22 23:11:19.373,7.2709,7.27545,1.00,1.60
2010.04.22 23:11:19.665,7.2711,7.27665,1.00,1.60
2010.04.22 23:11:20.017,7.2713,7.2768,1.00,1.60
2010.04.22 23:11:20.377,7.2713,7.27695,1.00,1.60
2010.04.22 23:11:21.945,7.2711,7.27545,1.00,1.60
2010.04.22 23:11:22.348,7.2711,7.2764,1.00,1.60
2010.04.22 23:11:22.533,7.2711,7.27665,1.00,1.60
2010.04.22 23:11:23.443,7.27145,7.27645,1.00,1.60
2010.04.22 23:11:23.806,7.2711,7.27645,1.00,1.60
2010.04.22 23:11:27.485,7.2701,7.27505,1.00,1.60
2010.04.22 23:11:27.780,7.2698,7.27575,1.00,1.60
2010.04.22 23:11:28.081,7.269,7.274,1.00,1.60
2010.04.22 23:11:28.722,7.269,7.2745,1.70,1.60
2010.04.22 23:11:29.270,7.26865,7.2741,1.00,1.60
2010.04.22 23:11:29.616,7.26865,7.27325,1.00,1.60
2010.04.22 23:11:29.964,7.26835,7.27375,1.00,1.60
2010.04.22 23:11:30.316,7.2681,7.27335,1.00,1.60
2010.04.22 23:11:30.667,7.26705,7.27245,1.00,1.60
2010.04.22 23:11:31.523,7.2676,7.27195,1.00,1.60
2010.04.22 23:11:31.870,7.2678,7.27335,1.00,1.60
2010.04.22 23:11:32.219,7.2676,7.2731,1.00,1.60
2010.04.22 23:11:32.568,7.26745,7.27255,1.00,1.60
2010.04.22 23:11:32.908,7.26745,7.2729,1.00,1.60
2010.04.22 23:11:33.782,7.26705,7.2721,1.00,1.60
2010.04.22 23:11:34.126,7.26705,7.27255,1.00,1.60
2010.04.22 23:11:36.322,7.26465,7.2696,1.00,1.60
2010.04.22 23:11:36.525,7.26485,7.2696,1.00,1.60
2010.04.22 23:11:36.887,7.26465,7.2696,1.00,1.60
2010.04.22 23:11:37.081,7.26465,7.271,1.00,1.00
2010.04.22 23:11:37.428,7.26525,7.2704,1.00,1.60
2010.04.22 23:11:37.923,7.26505,7.2707,1.00,1.60
2010.04.22 23:11:38.300,7.26555,7.26995,1.00,1.60
2010.04.22 23:11:38.575,7.2658,7.2713,1.00,1.60
2010.04.22 23:11:39.093,7.2658,7.27145,1.00,1.60
2010.04.22 23:11:39.700,7.2658,7.27135,1.00,3.00
2010.04.22 23:11:40.054,7.26595,7.2705,1.00,1.60
2010.04.22 23:11:40.740,7.26635,7.272,1.00,1.60
2010.04.22 23:11:42.719,7.26685,7.2721,1.00,1.60
2010.04.22 23:11:43.019,7.26685,7.2718,1.00,1.60
2010.04.22 23:11:43.282,7.2665,7.2718,1.00,1.60
2010.04.22 23:11:45.384,7.2686,7.2741,1.00,2.40
2010.04.22 23:11:45.587,7.2701,7.2741,3.20,2.40
2010.04.22 23:11:45.978,7.2708,7.2777,1.00,1.60
2010.04.22 23:11:46.307,7.2721,7.27795,1.00,1.60
2010.04.22 23:11:46.933,7.2723,7.27825,1.00,1.40
2010.04.22 23:11:47.280,7.2712,7.27745,3.20,1.60
2010.04.22 23:11:47.802,7.271,7.27655,1.00,1.60
2010.04.22 23:11:48.148,7.2707,7.2775,1.00,1.60
2010.04.22 23:11:48.498,7.2709,7.2776,1.00,1.60
2010.04.22 23:11:48.847,7.2709,7.27745,1.00,1.40
2010.04.22 23:11:49.198,7.2709,7.2773,1.00,1.60
2010.04.22 23:11:50.123,7.2705,7.277,3.20,1.00
2010.04.22 23:11:50.468,7.2704,7.27675,1.00,1.60
2010.04.22 23:11:51.154,7.2704,7.276,1.00,1.60
2010.04.22 23:11:51.987,7.271,7.27795,1.00,1.60
2010.04.22 23:11:54.656,7.27105,7.27755,3.20,1.60
2010.04.22 23:11:54.774,7.271,7.2775,1.00,1.40
2010.04.22 23:11:55.001,7.271,7.2773,1.00,1.60
2010.04.22 23:11:56.786,7.2709,7.276,1.00,1.60
2010.04.22 23:11:56.854,7.27075,7.2772,1.60,1.00
2010.04.22 23:11:57.188,7.27075,7.2765,3.20,1.60
2010.04.22 23:11:57.262,7.2711,7.2765,1.00,1.60
2010.04.22 23:11:57.327,7.2712,7.2772,1.00,1.60
2010.04.22 23:11:57.452,7.2718,7.2772,1.00,1.60
2010.04.22 23:11:57.861,7.2718,7.27635,1.00,1.60
2010.04.22 23:11:58.210,7.27165,7.2758,1.00,1.60
2010.04.22 23:11:58.808,7.27165,7.2772,1.00,1.60
2010.04.22 23:11:59.072,7.2722,7.27735,1.00,1.60
2010.04.22 23:11:59.340,7.2722,7.27775,1.00,1.60
2010.04.22 23:12:00.613,7.2727,7.27795,1.00,1.60
2010.04.22 23:12:00.961,7.2727,7.2781,1.00,1.60
2010.04.22 23:12:02.536,7.2726,7.27865,1.00,1.60
2010.04.22 23:12:02.895,7.2733,7.27865,1.00,1.60
2010.04.22 23:12:03.489,7.2735,7.2788,1.00,1.60
2010.04.22 23:12:03.813,7.2733,7.27765,1.00,1.60
2010.04.22 23:12:04.123,7.2733,7.27885,1.00,1.60
2010.04.22 23:12:04.881,7.2737,7.279,1.00,1.40
2010.04.22 23:12:05.142,7.2737,7.2802,1.00,1.40
2010.04.22 23:12:06.178,7.2738,7.28,1.60,1.40
2010.04.22 23:12:06.759,7.274,7.2803,1.00,1.60
2010.04.22 23:12:07.941,7.2741,7.2803,3.20,1.60
2010.04.22 23:12:08.364,7.27435,7.2803,3.20,1.60
2010.04.22 23:12:08.687,7.2745,7.28045,1.00,1.60
2010.04.22 23:12:08.932,7.2743,7.2806,1.00,1.60
2010.04.22 23:12:09.377,7.27425,7.2793,1.00,1.60
2010.04.22 23:12:09.725,7.2748,7.28125,1.00,1.60
2010.04.22 23:12:10.410,7.2748,7.2795,1.00,1.60
2010.04.22 23:12:10.760,7.2748,7.2807,1.00,1.60
2010.04.22 23:12:13.837,7.2748,7.27895,1.00,1.60
2010.04.22 23:12:14.135,7.27345,7.27785,1.00,1.60
2010.04.22 23:12:14.439,7.27285,7.27785,1.00,1.60
2010.04.22 23:12:14.736,7.27255,7.2773,1.00,1.60
2010.04.22 23:12:15.316,7.2723,7.2769,1.00,1.60
2010.04.22 23:12:15.671,7.27275,7.27805,1.00,1.60
2010.04.22 23:12:16.019,7.27235,7.27775,1.00,1.60
2010.04.22 23:12:16.376,7.272,7.27655,1.00,1.60
2010.04.22 23:12:16.719,7.2722,7.27775,1.00,1.60
2010.04.22 23:12:17.398,7.27255,7.27805,1.00,1.60
2010.04.22 23:12:17.737,7.27255,7.27745,1.00,1.60
2010.04.22 23:12:18.294,7.27295,7.2786,1.00,1.60
2010.04.22 23:12:18.660,7.2733,7.27915,1.00,1.60
2010.04.22 23:12:19.255,7.27405,7.2798,1.00,1.60
2010.04.22 23:12:19.514,7.27405,7.2795,1.00,1.60
2010.04.22 23:12:20.950,7.2748,7.2805,1.00,1.60
2010.04.22 23:12:21.298,7.2745,7.28025,1.00,1.60
2010.04.22 23:12:21.866,7.27465,7.28025,1.00,1.60
2010.04.22 23:12:22.209,7.2739,7.2797,1.00,1.00
2010.04.22 23:12:22.557,7.2739,7.27875,1.00,1.60
2010.04.22 23:12:23.122,7.27365,7.2782,1.00,1.60
2010.04.22 23:12:23.475,7.27365,7.2794,1.00,3.00
2010.04.22 23:12:23.733,7.2738,7.2782,1.00,1.60
2010.04.22 23:12:25.345,7.2736,7.278,1.00,1.60
2010.04.22 23:12:25.601,7.2731,7.2781,1.00,1.60
2010.04.22 23:12:25.848,7.27325,7.27865,1.00,1.60
2010.04.22 23:12:27.660,7.2738,7.2789,1.00,1.00
2010.04.22 23:12:28.010,7.2738,7.2792,1.00,1.60
2010.04.22 23:12:28.353,7.2738,7.27905,1.00,1.60
2010.04.22 23:12:28.701,7.2733,7.27785,1.00,1.60
2010.04.22 23:12:29.327,7.2733,7.27905,1.00,1.60
2010.04.22 23:12:29.875,7.2733,7.27765,1.00,1.60
2010.04.22 23:12:30.216,7.2735,7.279,1.00,1.60
2010.04.22 23:12:30.665,7.2735,7.2782,1.00,1.60
2010.04.22 23:12:30.945,7.2735,7.27915,1.00,1.60
2010.04.22 23:12:31.234,7.2735,7.2791,1.00,1.00
2010.04.22 23:12:31.516,7.2733,7.27765,1.00,1.60
2010.04.22 23:12:31.805,7.27305,7.2786,1.00,1.60
2010.04.22 23:12:33.612,7.27305,7.27765,1.70,1.60
2010.04.22 23:12:34.072,7.2733,7.2788,1.00,1.00
2010.04.22 23:12:34.272,7.2733,7.279,1.00,3.00
2010.04.22 23:12:34.469,7.2735,7.27915,1.00,1.60
2010.04.22 23:12:34.876,7.2733,7.27765,1.00,1.60
2010.04.22 23:12:35.234,7.27305,7.2786,1.00,1.60
2010.04.22 23:12:36.904,7.27305,7.27705,1.00,1.60
2010.04.22 23:12:37.154,7.2727,7.2783,1.00,1.60
2010.04.22 23:12:37.404,7.2725,7.27805,1.00,1.60
2010.04.22 23:12:37.943,7.27275,7.2783,1.00,1.60
2010.04.22 23:12:39.360,7.27295,7.27825,1.00,1.60
2010.04.22 23:12:39.492,7.27295,7.27795,1.00,1.60
2010.04.22 23:12:39.796,7.2727,7.27795,1.60,1.60
2010.04.22 23:12:39.946,7.27255,7.27795,1.00,1.60
2010.04.22 23:12:40.290,7.27255,7.27705,1.00,1.60
2010.04.22 23:12:40.631,7.27235,7.2776,1.00,1.60
2010.04.22 23:12:40.988,7.2722,7.27655,1.00,1.60
2010.04.22 23:12:41.204,7.2722,7.2771,1.00,1.60
2010.04.22 23:12:41.421,7.2724,7.27805,1.00,1.60
2010.04.22 23:12:43.270,7.2722,7.27655,1.00,1.60
2010.04.22 23:12:43.788,7.27195,7.27655,1.70,1.60
2010.04.22 23:12:43.943,7.27195,7.2775,1.00,1.60
2010.04.22 23:12:45.111,7.2713,7.276,1.00,1.60
2010.04.22 23:12:45.824,7.2711,7.27545,1.00,1.60
2010.04.22 23:12:46.937,7.2711,7.27625,1.00,1.60
2010.04.22 23:12:47.179,7.27085,7.2765,1.00,1.60
2010.04.22 23:12:48.097,7.27055,7.2751,1.00,1.60
2010.04.22 23:12:48.444,7.27075,7.2767,1.00,1.60
2010.04.22 23:12:49.092,7.27105,7.27685,1.00,1.60
2010.04.22 23:12:49.422,7.2704,7.2751,1.00,1.60
2010.04.22 23:12:50.861,7.27075,7.2767,1.00,3.00
2010.04.22 23:12:51.212,7.27075,7.2767,1.00,1.40
2010.04.22 23:12:51.801,7.27035,7.27605,1.00,1.60
2010.04.22 23:12:53.738,7.2711,7.27665,1.00,1.60
2010.04.22 23:12:54.137,7.2711,7.2766,1.00,1.00
2010.04.22 23:12:54.227,7.27085,7.2764,1.00,1.60
2010.04.22 23:12:54.609,7.2711,7.27665,1.00,1.60
2010.04.22 23:12:58.823,7.2713,7.2766,1.00,1.60
2010.04.22 23:12:59.055,7.2713,7.27685,1.00,1.40
2010.04.22 23:12:59.264,7.27165,7.277,1.00,1.60
2010.04.22 23:12:59.470,7.27185,7.2772,1.00,1.00
2010.04.22 23:12:59.677,7.27165,7.277,1.00,1.60
2010.04.22 23:13:01.397,7.2714,7.27695,1.70,1.40
2010.04.22 23:13:01.515,7.2714,7.27675,1.00,1.60
2010.04.22 23:13:05.348,7.27185,7.27715,1.00,1.60
2010.04.22 23:13:05.618,7.2722,7.2775,1.00,1.00
2010.04.22 23:13:05.888,7.2724,7.2778,1.00,1.00
2010.04.22 23:13:06.154,7.2727,7.2781,1.00,1.60
2010.04.22 23:13:06.684,7.2722,7.27675,1.00,1.60
2010.04.22 23:13:07.000,7.27235,7.27825,1.00,1.60
2010.04.22 23:13:07.316,7.2727,7.2785,1.00,1.60
2010.04.22 23:13:10.705,7.27275,7.2781,1.00,1.60
2010.04.22 23:13:10.974,7.27295,7.2784,1.00,1.60
2010.04.22 23:13:11.515,7.27325,7.2785,1.00,1.60
2010.04.22 23:13:11.796,7.27325,7.27865,1.00,1.60
2010.04.22 23:13:12.975,7.27395,7.2789,1.00,1.00
2010.04.22 23:13:13.213,7.27385,7.27815,1.00,1.60
2010.04.22 23:13:13.449,7.2736,7.27885,1.00,1.60
2010.04.22 23:13:13.902,7.2735,7.27885,1.00,1.60
2010.04.22 23:13:14.138,7.2733,7.27885,1.00,1.60
2010.04.22 23:13:15.205,7.2733,7.27885,1.70,1.40
2010.04.22 23:13:15.544,7.2738,7.27855,1.00,1.60
2010.04.22 23:13:15.888,7.27405,7.2792,1.00,1.60
2010.04.22 23:13:16.342,7.27405,7.2795,1.00,1.60
2010.04.22 23:13:16.703,7.2725,7.2783,1.00,1.00
2010.04.22 23:13:18.565,7.2722,7.2781,1.00,1.00
2010.04.22 23:13:18.674,7.2722,7.2778,1.00,1.00
2010.04.22 23:13:19.544,7.2724,7.2781,1.00,1.00
2010.04.22 23:13:19.895,7.2722,7.2778,1.00,1.00
2010.04.22 23:13:25.062,7.27195,7.2775,1.00,1.00
2010.04.22 23:13:26.059,7.27195,7.2775,1.00,1.70
2010.04.22 23:13:26.473,7.27195,7.2773,1.00,1.60
2010.04.22 23:13:27.196,7.2724,7.2777,1.00,1.60
2010.04.22 23:13:27.411,7.2724,7.27785,1.00,1.60
2010.04.22 23:13:28.008,7.2722,7.2778,1.00,1.00
2010.04.22 23:13:28.301,7.2722,7.27755,1.00,1.60
2010.04.22 23:13:39.488,7.2722,7.2773,1.00,1.60
2010.04.22 23:13:39.626,7.27195,7.2773,1.00,1.60
2010.04.22 23:13:46.572,7.27195,7.276,1.00,1.60
2010.04.22 23:13:46.890,7.27165,7.2772,1.00,1.60
2010.04.22 23:13:50.987,7.27165,7.27715,1.00,1.40
2010.04.22 23:13:51.216,7.27215,7.2775,1.60,1.40
2010.04.22 23:13:51.446,7.2724,7.27755,1.00,1.60
2010.04.22 23:13:52.202,7.27265,7.2779,1.60,1.40
2010.04.22 23:13:52.479,7.2725,7.27785,1.00,1.60
2010.04.22 23:13:54.685,7.2722,7.27755,1.00,1.60
2010.04.22 23:13:57.131,7.2722,7.2773,1.00,1.60
2010.04.22 23:13:57.451,7.272,7.2773,1.00,1.60
2010.04.22 23:13:58.428,7.272,7.276,1.00,1.60
2010.04.22 23:13:58.778,7.27165,7.276,1.00,1.60
2010.04.22 23:13:58.885,7.27165,7.2772,1.00,1.60
2010.04.22 23:13:59.469,7.27165,7.27695,1.00,1.60
2010.04.22 23:13:59.571,7.2714,7.27695,1.70,1.60
2010.04.22 23:13:59.624,7.2714,7.27695,1.00,1.60
2010.04.22 23:14:00.862,7.2714,7.27695,1.00,1.40
2010.04.22 23:14:01.043,7.27165,7.277,1.00,1.70
2010.04.22 23:14:01.223,7.27185,7.2774,1.00,1.40
2010.04.22 23:14:01.404,7.27215,7.27755,1.00,1.60
2010.04.22 23:14:01.792,7.27215,7.27655,1.00,1.60
2010.04.22 23:14:02.132,7.27215,7.27775,1.00,1.60
2010.04.22 23:14:05.015,7.27215,7.2762,1.00,1.60
2010.04.22 23:14:05.398,7.2715,7.2762,1.00,1.60
2010.04.22 23:14:05.751,7.27165,7.2774,1.00,1.60
2010.04.22 23:14:06.092,7.27165,7.276,1.00,1.60
2010.04.22 23:14:06.789,7.27165,7.2772,1.00,1.60
2010.04.22 23:14:08.897,7.27195,7.2773,1.70,1.60
2010.04.22 23:14:09.141,7.27195,7.2773,1.00,1.60
2010.04.22 23:14:09.584,7.27145,7.276,1.00,1.60
2010.04.22 23:14:09.792,7.27145,7.2754,1.00,1.60
2010.04.22 23:14:10.346,7.27035,7.2749,1.00,1.60
2010.04.22 23:14:10.693,7.27035,7.2761,1.00,1.60
2010.04.22 23:14:12.202,7.27035,7.27565,1.00,1.60
2010.04.22 23:14:12.512,7.2702,7.27565,1.00,1.60
2010.04.22 23:14:13.189,7.2702,7.27495,1.00,1.60
2010.04.22 23:14:13.527,7.2702,7.27565,1.00,1.60
2010.04.22 23:14:14.198,7.26995,7.2753,1.60,1.40
2010.04.22 23:14:14.627,7.2698,7.2751,1.00,1.60
2010.04.22 23:14:15.706,7.2698,7.27435,1.00,1.60
2010.04.22 23:14:16.048,7.2698,7.2753,1.00,1.60
2010.04.22 23:14:16.733,7.26995,7.2743,1.00,1.60
2010.04.22 23:14:16.901,7.26975,7.27435,1.00,1.60
2010.04.22 23:14:17.201,7.26995,7.275,1.00,1.60
2010.04.22 23:14:17.381,7.26975,7.2746,1.00,1.60
2010.04.22 23:14:17.555,7.26945,7.2746,1.00,1.60
2010.04.22 23:14:18.288,7.26945,7.2748,1.00,1.60
2010.04.22 23:14:18.969,7.2692,7.27455,1.00,1.60
2010.04.22 23:14:23.130,7.2692,7.27475,1.00,1.40
2010.04.22 23:14:23.432,7.26945,7.2748,1.00,1.60
2010.04.22 23:14:27.120,7.2692,7.27475,1.70,1.40
2010.04.22 23:14:27.188,7.2692,7.27455,1.00,1.60
2010.04.22 23:14:29.687,7.2692,7.2738,1.00,1.60
2010.04.22 23:14:30.175,7.2692,7.27475,1.00,1.60
2010.04.22 23:14:31.091,7.2692,7.2738,1.00,1.60
2010.04.22 23:14:31.435,7.2692,7.27495,1.00,1.40
2010.04.22 23:14:31.828,7.26965,7.27515,1.00,1.60
2010.04.22 23:14:32.008,7.27,7.27555,1.00,1.60
2010.04.22 23:14:33.128,7.269,7.27475,1.00,1.60
2010.04.22 23:14:33.483,7.2687,7.27435,1.00,1.60
2010.04.22 23:14:34.089,7.2687,7.27445,1.00,1.60
2010.04.22 23:14:35.454,7.2682,7.2729,1.00,1.60
2010.04.22 23:14:35.644,7.2682,7.2737,1.00,1.60
2010.04.22 23:14:35.983,7.2682,7.2741,1.00,1.00
2010.04.22 23:14:36.325,7.26855,7.2745,1.00,1.40
2010.04.22 23:14:36.674,7.2689,7.27425,1.00,1.60
2010.04.22 23:14:37.948,7.26835,7.2729,1.00,1.60
2010.04.22 23:14:38.065,7.26835,7.2741,1.00,1.60
2010.04.22 23:14:38.759,7.26815,7.27345,1.70,1.60
2010.04.22 23:14:39.233,7.26815,7.27345,1.00,1.60
2010.04.22 23:14:41.184,7.26815,7.2737,1.00,1.40
2010.04.22 23:14:41.419,7.2689,7.27425,1.00,1.60
2010.04.22 23:14:44.486,7.2694,7.2736,1.00,1.60
2010.04.22 23:14:44.701,7.2694,7.27475,1.00,1.60
2010.04.22 23:14:44.918,7.2692,7.27475,1.00,1.60
2010.04.22 23:14:45.132,7.2692,7.27495,1.00,1.40
2010.04.22 23:14:45.546,7.26945,7.275,1.00,1.60
2010.04.22 23:14:46.236,7.2692,7.27455,1.00,1.60
2010.04.22 23:14:46.590,7.2689,7.27325,1.00,1.60
2010.04.22 23:14:47.110,7.2689,7.27445,1.00,1.60
2010.04.22 23:14:48.901,7.2691,7.27425,1.00,1.60
2010.04.22 23:14:49.428,7.2691,7.27455,1.00,1.60
2010.04.22 23:14:49.612,7.26945,7.2748,1.00,1.60
2010.04.22 23:14:51.517,7.26965,7.27415,1.00,1.60
2010.04.22 23:14:51.699,7.26965,7.2753,1.00,1.60
2010.04.22 23:14:55.437,7.26945,7.2738,1.00,1.60
2010.04.22 23:14:55.905,7.26945,7.275,1.00,1.60
2010.04.22 23:14:59.133,7.26945,7.27455,1.00,1.60
2010.04.22 23:14:59.378,7.2692,7.27475,1.70,1.40
2010.04.22 23:14:59.555,7.26965,7.2751,1.00,1.60
2010.04.22 23:15:00.047,7.2702,7.2755,1.00,1.60
2010.04.22 23:15:00.390,7.2702,7.27565,1.00,1.60
2010.04.22 23:15:03.495,7.2703,7.27435,1.70,1.60
2010.04.22 23:15:03.593,7.27005,7.27435,1.60,1.60
2010.04.22 23:15:03.687,7.27,7.27435,1.00,1.60
2010.04.22 23:15:03.781,7.27,7.27575,1.00,1.40
2010.04.22 23:15:03.868,7.2702,7.27585,1.00,1.60
2010.04.22 23:15:04.041,7.2702,7.27555,1.00,1.60
2010.04.22 23:15:04.319,7.27,7.27555,1.00,1.60
2010.04.22 23:15:04.867,7.2705,7.27535,1.00,1.60
2010.04.22 23:15:05.213,7.2705,7.2759,1.00,1.60
2010.04.22 23:15:05.566,7.27105,7.2763,1.00,1.60
2010.04.22 23:15:05.914,7.2713,7.27675,1.00,1.60
2010.04.22 23:15:06.490,7.2713,7.27685,1.00,3.00
2010.04.22 23:15:06.845,7.2719,7.27715,1.00,1.60
2010.04.22 23:15:07.194,7.27195,7.27655,1.00,1.60
2010.04.22 23:15:07.648,7.2718,7.27655,1.00,1.60
2010.04.22 23:15:08.000,7.272,7.2775,1.00,1.60
2010.04.22 23:15:09.386,7.27145,7.276,1.00,1.60
2010.04.22 23:15:09.842,7.27145,7.27695,1.00,1.60
2010.04.22 23:15:09.991,7.2712,7.2768,1.60,1.40
2010.04.22 23:15:10.140,7.2711,7.27545,1.00,1.60
2010.04.22 23:15:10.287,7.2711,7.27665,1.00,1.60
2010.04.22 23:15:11.672,7.2713,7.27675,1.00,1.60
2010.04.22 23:15:13.896,7.2709,7.27595,1.00,1.60
2010.04.22 23:15:14.131,7.2709,7.276,1.00,1.60
2010.04.22 23:15:14.367,7.2709,7.27695,1.00,1.60
2010.04.22 23:15:15.753,7.2709,7.27545,1.00,1.60
2010.04.22 23:15:16.097,7.27055,7.27585,1.00,1.60
2010.04.22 23:15:16.642,7.2709,7.27625,1.00,1.40
2010.04.22 23:15:16.913,7.27125,7.27735,1.00,1.60
2010.04.22 23:15:17.181,7.27125,7.2765,1.00,1.60
2010.04.22 23:15:17.534,7.2711,7.27545,1.00,1.60
2010.04.22 23:15:17.873,7.2716,7.276,1.00,1.60
2010.04.22 23:15:18.209,7.2716,7.2772,1.00,1.60
2010.04.22 23:15:20.464,7.2714,7.27675,1.00,1.60
2010.04.22 23:15:30.157,7.2714,7.2769,1.00,1.00
2010.04.22 23:15:30.443,7.27165,7.277,1.00,1.60
2010.04.22 23:15:31.668,7.27165,7.2764,1.00,1.00
2010.04.22 23:15:31.889,7.27165,7.277,1.00,1.60
2010.04.22 23:15:32.108,7.2714,7.27685,1.70,1.60
2010.04.22 23:15:32.413,7.27105,7.2761,1.00,1.60
2010.04.22 23:15:32.715,7.27105,7.27665,1.00,1.60
2010.04.22 23:15:34.556,7.27105,7.2766,1.00,1.50
2010.04.22 23:15:34.648,7.2716,7.27685,1.00,1.60
2010.04.22 23:15:34.790,7.2716,7.277,1.00,1.60
2010.04.22 23:15:38.638,7.2716,7.276,1.00,1.60
2010.04.22 23:15:42.991,7.2716,7.2772,1.00,1.60
2010.04.22 23:15:43.238,7.2716,7.2771,1.00,1.00
2010.04.22 23:15:43.358,7.27145,7.27695,1.00,1.60
2010.04.22 23:15:43.718,7.27145,7.2771,1.00,1.00
2010.04.22 23:15:43.839,7.27145,7.27715,1.00,1.40
2010.04.22 23:15:44.389,7.2716,7.277,1.00,1.60
2010.04.22 23:15:45.187,7.27185,7.27715,1.00,1.60
2010.04.22 23:15:45.525,7.27185,7.2773,1.00,1.60
2010.04.22 23:15:46.708,7.27165,7.277,1.00,1.60
2010.04.22 23:15:46.868,7.2711,7.27565,1.00,1.60
2010.04.22 23:15:47.175,7.2711,7.27685,1.00,1.60
2010.04.22 23:15:57.713,7.2711,7.2765,1.00,1.00
2010.04.22 23:15:58.052,7.2713,7.2765,1.00,1.00
2010.04.22 23:15:58.146,7.2713,7.27675,1.00,1.60
2010.04.22 23:15:59.587,7.2713,7.27545,1.00,1.60
2010.04.22 23:15:59.760,7.2709,7.27545,1.00,1.60
2010.04.22 23:16:00.317,7.2709,7.2764,1.00,1.60
2010.04.22 23:16:05.016,7.2709,7.2763,1.00,1.00
2010.04.22 23:16:05.290,7.2711,7.27645,1.00,1.60
2010.04.22 23:16:07.601,7.27085,7.2762,1.00,1.60
2010.04.22 23:16:08.084,7.27085,7.27575,1.00,1.60
2010.04.22 23:16:08.124,7.27055,7.27575,1.00,1.60
2010.04.22 23:16:08.585,7.27055,7.2759,1.00,1.60
2010.04.22 23:16:10.358,7.27055,7.276,1.00,1.00
2010.04.22 23:16:10.468,7.27055,7.27605,1.00,3.00
2010.04.22 23:16:10.554,7.27075,7.27605,1.00,1.60
2010.04.22 23:16:10.602,7.27075,7.2762,1.00,1.60
2010.04.22 23:16:11.070,7.27075,7.2763,1.00,1.50
2010.04.22 23:16:11.419,7.2711,7.27645,1.00,1.60
2010.04.22 23:16:14.884,7.2713,7.27645,1.00,1.60
2010.04.22 23:16:15.437,7.2711,7.2763,1.00,1.60
2010.04.22 23:16:15.902,7.2713,7.2766,1.00,1.60
2010.04.22 23:16:16.249,7.2713,7.27675,1.00,1.60
2010.04.22 23:16:17.252,7.2711,7.27545,1.00,1.60
2010.04.22 23:16:17.419,7.2711,7.27665,1.00,1.60
2010.04.22 23:16:20.778,7.27085,7.2759,1.60,1.60
2010.04.22 23:16:21.123,7.27055,7.2759,1.00,1.60
2010.04.22 23:16:24.533,7.27075,7.2759,1.00,1.60
2010.04.22 23:16:24.659,7.27075,7.276,1.00,1.00
2010.04.22 23:16:24.729,7.27075,7.2762,1.00,1.60
2010.04.22 23:16:28.133,7.27055,7.2749,1.00,1.60
2010.04.22 23:16:28.285,7.2703,7.27585,1.00,1.60
2010.04.22 23:16:28.428,7.2702,7.27595,1.00,1.40
2010.04.22 23:16:28.953,7.27055,7.276,1.00,1.00
2010.04.22 23:16:29.123,7.2703,7.27455,1.00,1.60
2010.04.22 23:16:29.476,7.27,7.27565,1.00,1.60
2010.04.22 23:16:31.310,7.2703,7.2755,1.00,1.60
2010.04.22 23:16:31.951,7.26925,7.2748,1.00,1.60
2010.04.22 23:16:32.198,7.26925,7.275,1.70,1.40
2010.04.22 23:16:32.789,7.26975,7.27535,1.00,1.60
2010.04.22 23:16:35.291,7.27065,7.2759,1.00,1.60
2010.04.22 23:16:35.413,7.27065,7.2749,1.00,1.60
2010.04.22 23:16:35.637,7.27055,7.2761,1.00,1.60
2010.04.22 23:16:37.485,7.27075,7.2759,1.00,1.60
2010.04.22 23:16:37.730,7.27075,7.276,1.00,1.00
2010.04.22 23:16:37.979,7.27075,7.2759,1.00,1.60
2010.04.22 23:16:38.270,7.27055,7.2761,1.00,1.40
2010.04.22 23:16:38.557,7.27055,7.2759,1.00,1.60
2010.04.22 23:16:40.338,7.2707,7.27605,1.00,1.60
2010.04.22 23:16:40.644,7.2707,7.2762,1.00,1.60
2010.04.22 23:16:42.313,7.27055,7.2749,1.00,1.60
2010.04.22 23:16:42.614,7.27055,7.2757,1.00,1.60
2010.04.22 23:16:43.005,7.27055,7.2761,1.00,1.60
2010.04.22 23:16:43.755,7.2703,7.27565,1.00,1.60
2010.04.22 23:16:50.786,7.2703,7.27585,1.00,1.40
2010.04.22 23:16:51.063,7.27075,7.27605,1.00,1.60
2010.04.22 23:16:51.342,7.27075,7.2762,1.00,1.60
2010.04.22 23:17:02.097,7.27075,7.27595,1.00,1.60
2010.04.22 23:17:02.962,7.27075,7.2762,1.00,1.60
2010.04.22 23:17:04.610,7.27055,7.2749,1.00,1.60
2010.04.22 23:17:05.294,7.27055,7.2761,1.00,1.60
2010.04.22 23:17:11.185,7.2703,7.2757,1.00,1.60
2010.04.22 23:17:14.165,7.2705,7.2757,1.00,1.60
2010.04.22 23:17:14.316,7.2705,7.27585,1.00,1.60
2010.04.22 23:17:14.465,7.2705,7.27525,1.00,1.60
2010.04.22 23:17:15.291,7.2703,7.27525,1.00,1.60
2010.04.22 23:17:15.515,7.27065,7.27525,1.00,1.60
2010.04.22 23:17:17.455,7.2704,7.27525,1.70,1.60
2010.04.22 23:17:17.557,7.2706,7.27525,1.00,1.60
2010.04.22 23:17:19.909,7.2706,7.276,1.00,1.70
2010.04.22 23:17:20.277,7.27085,7.2758,1.00,1.60
2010.04.22 23:17:21.276,7.2712,7.2758,1.00,1.60
2010.04.22 23:17:23.783,7.2714,7.27635,1.00,1.60
2010.04.22 23:17:30.870,7.27175,7.27635,1.00,1.60
2010.04.22 23:17:37.963,7.27175,7.2771,1.00,1.60
2010.04.22 23:17:37.998,7.27195,7.2771,1.00,1.60
2010.04.22 23:17:38.255,7.27195,7.2769,1.00,1.60
2010.04.22 23:17:40.299,7.2723,7.2769,1.00,1.60
2010.04.22 23:17:44.806,7.2723,7.27765,1.00,1.60
2010.04.22 23:17:45.203,7.2723,7.2769,1.00,1.60
2010.04.22 23:17:46.398,7.2725,7.27745,1.00,1.60
2010.04.22 23:17:47.638,7.27235,7.27745,1.00,1.60
2010.04.22 23:17:48.288,7.27265,7.2779,1.60,1.40
2010.04.22 23:17:48.451,7.27285,7.278,1.00,1.60
2010.04.22 23:17:49.190,7.27265,7.27775,1.00,1.60
2010.04.22 23:17:49.539,7.27265,7.27745,1.00,1.60
2010.04.22 23:17:50.211,7.27245,7.2769,1.00,1.60
2010.04.22 23:17:50.701,7.27215,7.2769,1.00,1.60
2010.04.22 23:17:52.719,7.2719,7.27635,1.00,1.60
2010.04.22 23:17:53.407,7.2721,7.2769,1.00,1.60
2010.04.22 23:18:17.542,7.2718,7.27635,1.00,1.60
2010.04.22 23:18:17.606,7.2721,7.27635,1.00,1.60
2010.04.22 23:18:17.651,7.2721,7.2774,1.00,1.60
2010.04.22 23:18:17.996,7.2721,7.2771,1.00,1.60
2010.04.22 23:18:19.489,7.2719,7.2769,1.00,1.60
2010.04.22 23:18:23.399,7.2718,7.2769,1.00,1.60
2010.04.22 23:18:23.899,7.27215,7.2769,1.00,1.60
2010.04.22 23:18:24.631,7.2721,7.2769,1.00,1.60
2010.04.22 23:18:25.159,7.27215,7.2769,1.00,1.60
2010.04.22 23:18:29.339,7.27235,7.2769,1.00,1.60
2010.04.22 23:18:29.751,7.27235,7.27745,1.00,1.60
2010.04.22 23:18:33.635,7.2727,7.27745,1.00,1.60
2010.04.22 23:18:36.423,7.2732,7.278,1.00,1.60
2010.04.22 23:18:38.842,7.2735,7.27855,1.60,1.60
2010.04.22 23:18:39.097,7.274,7.27855,1.00,1.60
2010.04.22 23:18:39.357,7.2738,7.27855,1.00,1.60
2010.04.22 23:18:39.820,7.27425,7.2791,1.60,1.00
2010.04.22 23:18:40.177,7.27445,7.27965,1.00,1.60
2010.04.22 23:18:40.869,7.27475,7.27965,1.00,1.60
2010.04.22 23:18:41.216,7.27475,7.27965,1.70,1.60
2010.04.22 23:18:41.568,7.27495,7.2802,1.00,1.60
2010.04.22 23:18:42.117,7.27475,7.27965,1.00,1.60
2010.04.22 23:18:43.062,7.27475,7.2802,1.00,1.00
2010.04.22 23:18:43.265,7.27505,7.2803,1.60,1.40
2010.04.22 23:18:43.473,7.2753,7.2802,1.00,1.60
2010.04.22 23:18:47.800,7.27505,7.27965,1.00,1.60
2010.04.22 23:18:48.041,7.2748,7.27965,1.00,1.60
2010.04.22 23:18:48.513,7.27455,7.27965,1.00,1.60
2010.04.22 23:18:48.980,7.27455,7.2791,1.00,1.60
2010.04.22 23:18:49.313,7.274,7.2791,1.00,1.60
2010.04.22 23:18:50.154,7.2737,7.27855,1.00,1.60
2010.04.22 23:18:50.463,7.2739,7.2791,1.00,1.60
2010.04.22 23:18:51.559,7.2738,7.2789,1.00,1.00
2010.04.22 23:18:51.783,7.27315,7.2782,1.00,1.60
2010.04.22 23:18:52.093,7.27315,7.27875,1.00,1.60
2010.04.22 23:18:52.326,7.27335,7.27875,1.00,1.60
2010.04.22 23:18:53.805,7.2729,7.278,1.00,1.60
2010.04.22 23:18:55.801,7.27235,7.27745,1.00,1.60
2010.04.22 23:18:56.229,7.27255,7.2781,1.00,1.50
2010.04.22 23:18:56.704,7.2726,7.27745,1.00,1.60
2010.04.22 23:18:56.924,7.27305,7.278,1.00,1.60
2010.04.22 23:19:01.919,7.2733,7.27855,1.00,1.60
2010.04.22 23:19:02.272,7.27395,7.2791,1.00,1.60
2010.04.22 23:19:02.393,7.2738,7.2791,1.00,1.60
2010.04.22 23:19:03.053,7.2738,7.27945,1.00,1.60
2010.04.22 23:19:03.749,7.27345,7.2789,1.70,1.60
2010.04.22 23:19:04.317,7.27365,7.2792,1.00,1.40
2010.04.22 23:19:04.503,7.2742,7.27945,1.00,1.60
2010.04.22 23:19:04.670,7.2744,7.27995,1.00,1.40
2010.04.22 23:19:05.400,7.2727,7.27865,1.00,3.20
2010.04.22 23:19:05.992,7.2722,7.27815,1.00,1.60
2010.04.22 23:19:06.347,7.27235,7.27995,1.00,1.40
2010.04.22 23:19:07.942,7.273,7.27955,1.00,1.40
2010.04.22 23:19:08.897,7.2736,7.27955,1.00,1.40
2010.04.22 23:19:09.617,7.2738,7.27955,1.00,1.40
2010.04.22 23:19:09.718,7.2738,7.27955,1.00,1.40
2010.04.22 23:19:09.817,7.274,7.27955,1.00,1.40
2010.04.22 23:19:10.202,7.2722,7.2787,1.00,1.60
2010.04.22 23:19:10.607,7.2722,7.27895,1.00,3.20
2010.04.22 23:19:10.957,7.2727,7.2792,1.00,3.20
2010.04.22 23:19:11.299,7.2731,7.27905,1.00,1.60
2010.04.22 23:19:12.820,7.2731,7.2789,1.00,1.00
2010.04.22 23:19:13.269,7.27335,7.2785,1.00,1.60
2010.04.22 23:19:13.431,7.27295,7.2785,1.00,1.70
2010.04.22 23:19:16.066,7.27295,7.2785,1.00,1.60
2010.04.22 23:19:16.408,7.27355,7.27915,1.00,1.40
2010.04.22 23:19:16.756,7.27355,7.27905,1.00,1.40
2010.04.22 23:19:17.777,7.27375,7.2793,1.00,3.00
2010.04.22 23:19:17.894,7.27375,7.2793,1.00,1.40
2010.04.22 23:19:18.007,7.27395,7.2795,1.00,1.40
2010.04.22 23:19:18.428,7.27375,7.2793,1.00,1.40
2010.04.22 23:19:19.370,7.27425,7.2798,1.00,1.40
2010.04.22 23:19:20.423,7.2736,7.27915,1.00,1.40
2010.04.22 23:19:21.024,7.27375,7.2793,1.00,1.40
2010.04.22 23:19:21.877,7.27445,7.28,1.00,1.40
2010.04.22 23:19:22.566,7.2745,7.28,1.00,1.40
2010.04.22 23:19:24.016,7.2747,7.28,1.00,1.40
2010.04.22 23:19:26.064,7.27445,7.28,1.00,1.40
2010.04.22 23:19:26.407,7.27345,7.2794,1.00,1.40
2010.04.22 23:19:28.605,7.27365,7.2791,1.00,1.60
2010.04.22 23:19:28.763,7.27335,7.27885,1.00,1.40
2010.04.22 23:19:29.088,7.27355,7.27905,1.00,1.40
2010.04.22 23:19:29.317,7.27385,7.2793,1.00,1.00
2010.04.22 23:19:29.547,7.27385,7.2794,1.00,1.40
2010.04.22 23:19:31.442,7.2737,7.2792,1.00,1.40
2010.04.22 23:19:32.154,7.2742,7.27975,1.00,1.40
2010.04.22 23:19:32.742,7.27385,7.2794,1.00,1.40
2010.04.22 23:19:33.693,7.27435,7.2799,1.00,1.40
2010.04.22 23:19:34.602,7.2744,7.2799,1.00,1.40
2010.04.22 23:19:34.870,7.2744,7.2799,1.00,1.40
2010.04.22 23:19:35.372,7.2744,7.2797,1.00,1.40
2010.04.22 23:19:35.681,7.2742,7.2797,1.00,1.40
2010.04.22 23:19:42.594,7.2741,7.2796,1.00,1.40
2010.04.22 23:19:44.035,7.27385,7.2794,1.00,1.40
2010.04.22 23:19:44.263,7.2741,7.2796,1.00,1.40
2010.04.22 23:19:45.191,7.27385,7.2794,1.00,1.40
2010.04.22 23:19:47.710,7.2746,7.28015,1.00,1.40
2010.04.22 23:19:49.819,7.2751,7.28015,1.60,1.40
2010.04.22 23:19:49.908,7.2753,7.28085,1.00,1.40
2010.04.22 23:19:51.604,7.2751,7.28065,1.00,1.40
2010.04.22 23:20:00.127,7.27535,7.2809,1.00,1.40
2010.04.22 23:20:07.483,7.27525,7.28065,1.60,1.40
2010.04.22 23:20:07.539,7.27535,7.2802,1.00,1.60
2010.04.22 23:20:07.658,7.2755,7.28075,1.00,1.60
2010.04.22 23:20:07.754,7.27565,7.28075,1.00,1.60
2010.04.22 23:20:08.136,7.27565,7.2812,1.00,1.40
2010.04.22 23:20:11.586,7.27545,7.281,1.00,1.40
2010.04.22 23:20:12.273,7.27545,7.2809,1.00,1.60
2010.04.22 23:20:12.614,7.2751,7.28065,1.00,1.40
2010.04.22 23:20:12.862,7.27585,7.28135,1.00,1.40
2010.04.22 23:20:13.815,7.27655,7.28245,1.00,1.60
2010.04.22 23:20:14.174,7.2761,7.282,1.00,1.40
2010.04.22 23:20:14.754,7.27605,7.282,1.00,1.40
2010.04.22 23:20:15.112,7.2773,7.28315,1.00,1.60
2010.04.22 23:20:15.408,7.2773,7.28325,1.00,1.40
2010.04.22 23:20:18.243,7.2778,7.28305,1.60,1.40
2010.04.22 23:20:18.483,7.2784,7.2835,1.00,1.60
2010.04.22 23:20:19.105,7.2784,7.28385,1.00,1.60
2010.04.22 23:20:19.379,7.2788,7.2843,1.00,1.40
2010.04.22 23:20:19.933,7.27915,7.28445,1.00,1.60
2010.04.22 23:20:20.212,7.27875,7.2844,1.00,1.40
2010.04.22 23:20:20.576,7.2792,7.28475,1.00,1.40
2010.04.22 23:20:20.937,7.27895,7.2845,1.00,1.40
2010.04.22 23:20:21.286,7.27875,7.2843,1.00,1.40
2010.04.22 23:20:22.174,7.2795,7.2856,1.00,1.40
2010.04.22 23:20:22.538,7.2791,7.2853,1.00,1.40
2010.04.22 23:20:22.893,7.27855,7.28475,1.00,1.40
2010.04.22 23:20:23.486,7.2795,7.285,1.00,1.60
2010.04.22 23:20:23.804,7.2795,7.28505,1.00,1.40
2010.04.22 23:20:24.434,7.27975,7.2853,1.00,1.40
2010.04.22 23:20:24.992,7.27985,7.2854,1.00,1.40
2010.04.22 23:20:25.478,7.2801,7.2856,1.00,1.40
2010.04.22 23:20:25.730,7.27985,7.2854,1.00,1.40
2010.04.22 23:20:26.108,7.2799,7.2855,1.00,1.40
2010.04.22 23:20:26.460,7.27985,7.2854,1.00,1.40
2010.04.22 23:20:28.622,7.2803,7.28565,1.00,1.60
2010.04.22 23:20:28.915,7.2803,7.2858,1.00,1.40
2010.04.22 23:20:29.812,7.2801,7.2856,1.00,1.40
2010.04.22 23:20:31.379,7.2802,7.2856,1.00,1.40
2010.04.22 23:20:31.608,7.2803,7.28585,1.00,1.40
2010.04.22 23:20:32.328,7.2801,7.2856,1.00,1.40
2010.04.22 23:20:32.929,7.2801,7.2853,1.00,1.60
2010.04.22 23:20:33.234,7.27975,7.2853,1.00,1.40
2010.04.22 23:20:33.540,7.28025,7.2858,1.00,1.40
2010.04.22 23:20:34.142,7.2801,7.2856,1.00,1.40
2010.04.22 23:20:34.786,7.27985,7.2854,1.00,1.40
2010.04.22 23:20:35.119,7.2803,7.28585,1.00,1.40
2010.04.22 23:20:36.009,7.2801,7.28565,1.00,1.40
2010.04.22 23:20:36.360,7.2799,7.2854,1.00,1.40
2010.04.22 23:20:36.711,7.2797,7.28525,1.00,1.40
2010.04.22 23:20:37.152,7.2795,7.28505,1.70,1.40
2010.04.22 23:20:37.516,7.2802,7.28635,1.00,1.40
2010.04.22 23:20:39.136,7.2804,7.28595,1.00,1.40
2010.04.22 23:20:39.359,7.27995,7.28565,1.00,1.40
2010.04.22 23:20:40.319,7.27985,7.2854,1.00,1.40
2010.04.22 23:20:41.799,7.2797,7.28525,1.00,1.40
2010.04.22 23:20:42.122,7.2793,7.28485,1.00,1.40
2010.04.22 23:20:42.628,7.27945,7.285,1.00,1.40
2010.04.22 23:20:43.479,7.2793,7.28485,1.00,1.40
2010.04.22 23:20:43.838,7.27915,7.28465,1.00,1.40
2010.04.22 23:20:44.197,7.27875,7.2843,1.00,1.40
2010.04.22 23:20:44.557,7.2784,7.28395,1.00,1.40
2010.04.22 23:20:45.337,7.2782,7.28375,1.00,1.40
2010.04.22 23:20:46.948,7.27765,7.2832,1.00,1.40
2010.04.22 23:20:47.206,7.2773,7.28285,1.00,1.40
2010.04.22 23:20:47.873,7.2771,7.28265,1.00,1.40
2010.04.22 23:20:48.123,7.2768,7.28235,1.00,1.40
2010.04.22 23:20:49.197,7.27655,7.28205,1.00,1.40
2010.04.22 23:20:49.789,7.27675,7.28225,1.00,1.40
2010.04.22 23:20:50.392,7.2765,7.28205,1.00,1.40
2010.04.22 23:20:50.638,7.27605,7.2816,1.00,1.40
2010.04.22 23:20:51.098,7.27605,7.2816,1.00,1.50
2010.04.22 23:20:51.449,7.2765,7.2816,1.60,1.40
2010.04.22 23:20:51.802,7.27675,7.2823,1.00,1.40
2010.04.22 23:20:52.255,7.27655,7.2821,1.00,1.40
2010.04.22 23:20:52.611,7.2764,7.28195,1.00,1.40
2010.04.22 23:20:52.960,7.2767,7.28225,1.00,1.40
2010.04.22 23:20:53.483,7.2767,7.28225,1.70,1.40
2010.04.22 23:20:53.836,7.27695,7.2825,1.00,1.40
2010.04.22 23:20:55.499,7.2775,7.28305,1.00,1.40
2010.04.22 23:20:55.783,7.27735,7.2829,1.00,1.40
2010.04.22 23:20:56.439,7.27735,7.2825,1.00,1.70
2010.04.22 23:20:56.724,7.2771,7.2826,1.00,1.40
2010.04.22 23:20:57.074,7.2768,7.28235,1.00,1.40
2010.04.22 23:20:59.704,7.27655,7.2821,1.00,1.40
2010.04.22 23:21:00.722,7.27675,7.2823,1.00,1.40
2010.04.22 23:21:01.479,7.27625,7.2818,1.00,1.40
2010.04.22 23:21:01.831,7.276,7.28145,1.00,1.60
2010.04.22 23:21:02.414,7.27565,7.2812,1.00,1.40
2010.04.22 23:21:02.703,7.2755,7.28105,1.00,1.40
2010.04.22 23:21:04.502,7.27625,7.28175,1.00,1.40
2010.04.22 23:21:04.732,7.27605,7.2816,1.00,1.40
2010.04.22 23:21:05.158,7.27585,7.2814,1.00,1.40
2010.04.22 23:21:05.398,7.27555,7.2808,1.00,1.00
2010.04.22 23:21:05.751,7.2748,7.2803,1.00,1.40
2010.04.22 23:21:06.524,7.27495,7.2805,1.00,1.40
2010.04.22 23:21:06.870,7.27495,7.28065,1.00,1.40
2010.04.22 23:21:07.218,7.2751,7.28065,1.00,1.40
2010.04.22 23:21:08.415,7.27535,7.28085,1.00,1.40
2010.04.22 23:21:08.573,7.27535,7.28085,1.00,3.00
2010.04.22 23:21:08.736,7.2749,7.28045,1.00,1.40
2010.04.22 23:21:09.014,7.2753,7.28085,1.00,1.40
2010.04.22 23:21:11.186,7.27565,7.2812,1.00,1.40
2010.04.22 23:21:11.529,7.2762,7.28175,1.00,1.40
2010.04.22 23:21:12.912,7.2757,7.28125,1.00,1.40
2010.04.22 23:21:13.123,7.27575,7.28145,1.00,1.40
2010.04.22 23:21:13.549,7.2754,7.28085,1.60,1.40
2010.04.22 23:21:13.755,7.275,7.28055,1.00,1.40
2010.04.22 23:21:14.643,7.27485,7.2804,1.00,1.40
2010.04.22 23:21:15.229,7.275,7.2805,1.00,1.40
2010.04.22 23:21:15.396,7.2755,7.28105,1.00,1.40
2010.04.22 23:21:15.551,7.2755,7.28105,1.70,1.40
2010.04.22 23:21:15.712,7.27605,7.2816,1.00,1.40
2010.04.22 23:21:16.427,7.2762,7.28175,1.00,1.40
2010.04.22 23:21:17.111,7.27645,7.28195,1.00,1.40
2010.04.22 23:21:17.457,7.2768,7.2823,1.00,1.40
2010.04.22 23:21:17.648,7.27645,7.2818,1.00,1.60
2010.04.22 23:21:17.847,7.276,7.28155,1.00,1.40
2010.04.22 23:21:18.558,7.2759,7.2814,1.00,1.40
2010.04.22 23:21:18.913,7.2766,7.28215,1.00,1.40
2010.04.22 23:21:19.259,7.2766,7.2822,1.00,3.20
2010.04.22 23:21:19.849,7.27625,7.28145,1.00,1.60
2010.04.22 23:21:20.194,7.27595,7.2814,1.60,1.40
2010.04.22 23:21:20.539,7.2762,7.28175,1.00,1.40
2010.04.22 23:21:21.655,7.2762,7.28165,1.00,1.60
2010.04.22 23:21:21.978,7.27565,7.28115,1.00,1.40
2010.04.22 23:21:23.288,7.2754,7.28095,1.00,1.40
2010.04.22 23:21:23.561,7.27515,7.2807,1.00,1.40
2010.04.22 23:21:23.825,7.2753,7.28085,1.00,1.40
2010.04.22 23:21:24.111,7.27565,7.28115,1.00,1.40
2010.04.22 23:21:25.031,7.27565,7.2811,1.00,1.60
2010.04.22 23:21:25.367,7.2751,7.28065,1.00,1.40
2010.04.22 23:21:26.652,7.27485,7.27985,1.00,1.60
2010.04.22 23:21:26.999,7.27485,7.2806,1.00,1.40
2010.04.22 23:21:27.983,7.27485,7.2802,1.00,1.60
2010.04.22 23:21:28.305,7.2751,7.2802,1.60,1.60
2010.04.22 23:21:28.782,7.27505,7.2798,1.00,1.60
2010.04.22 23:21:29.058,7.27535,7.2802,1.00,1.60
2010.04.22 23:21:29.408,7.27535,7.2809,1.00,1.40
2010.04.22 23:21:30.705,7.27535,7.2806,1.00,1.00
2010.04.22 23:21:30.879,7.2747,7.28,1.00,1.60
2010.04.22 23:21:31.050,7.27485,7.27985,1.00,1.60
2010.04.22 23:21:31.609,7.27485,7.2806,1.00,1.40
2010.04.22 23:21:31.958,7.2746,7.2797,1.00,1.60
2010.04.22 23:21:32.308,7.2743,7.27985,1.00,1.40
2010.04.22 23:21:33.738,7.2745,7.28,1.00,1.40
2010.04.22 23:21:34.043,7.2743,7.27965,1.00,1.60
2010.04.22 23:21:34.347,7.2743,7.2791,1.00,1.60
2010.04.22 23:21:34.832,7.2743,7.2798,1.00,1.40
2010.04.22 23:21:35.119,7.2743,7.2791,1.00,1.60
2010.04.22 23:21:35.412,7.27405,7.2791,1.00,1.60
2010.04.22 23:21:35.983,7.27405,7.27855,1.00,1.60
2010.04.22 23:21:36.506,7.27395,7.2791,1.00,1.60
2010.04.22 23:21:38.303,7.27375,7.2791,1.00,1.60
2010.04.22 23:21:38.417,7.27395,7.2791,1.00,1.60
2010.04.22 23:21:39.454,7.2743,7.2791,1.00,1.60
2010.04.22 23:21:39.810,7.2743,7.2798,1.00,1.40
2010.04.22 23:21:41.193,7.2743,7.2789,1.00,1.60
2010.04.22 23:21:41.510,7.273,7.2782,1.00,1.60
2010.04.22 23:21:41.822,7.273,7.27895,1.00,1.40
2010.04.22 23:21:42.654,7.27295,7.278,1.00,1.60
2010.04.22 23:21:44.049,7.27295,7.2785,1.00,1.40
2010.04.22 23:21:44.375,7.27315,7.2787,1.00,1.40
2010.04.22 23:21:44.576,7.2734,7.27895,1.00,1.40
2010.04.22 23:21:44.771,7.2734,7.27855,1.00,1.60
2010.04.22 23:21:45.597,7.2732,7.27875,1.00,1.40
2010.04.22 23:21:46.855,7.2734,7.27855,1.00,1.60
2010.04.22 23:21:48.456,7.273,7.278,1.00,1.60
2010.04.22 23:21:51.444,7.273,7.2785,1.00,1.40
2010.04.22 23:21:51.843,7.273,7.27765,1.00,1.60
2010.04.22 23:21:52.040,7.2726,7.27765,1.00,1.60
2010.04.22 23:21:52.320,7.2726,7.27835,1.00,1.40
2010.04.22 23:21:52.875,7.27285,7.278,1.00,1.60
2010.04.22 23:21:53.222,7.27315,7.2787,1.00,1.40
2010.04.22 23:21:54.119,7.27315,7.2784,1.00,1.00
2010.04.22 23:21:54.461,7.2725,7.27805,1.00,1.40
2010.04.22 23:21:54.810,7.2725,7.27805,1.00,3.00
2010.04.22 23:21:55.128,7.2725,7.27805,1.00,1.40
2010.04.22 23:21:55.450,7.2727,7.278,1.00,1.60
2010.04.22 23:21:56.611,7.2723,7.27745,1.00,1.60
2010.04.22 23:22:03.499,7.27205,7.27715,1.60,1.60
2010.04.22 23:22:03.673,7.27195,7.27715,1.00,1.60
2010.04.22 23:22:03.836,7.27195,7.2769,1.00,1.60
2010.04.22 23:22:04.242,7.27195,7.27715,1.00,1.60
2010.04.22 23:22:13.873,7.27205,7.27715,1.00,1.60
2010.04.22 23:22:16.464,7.27205,7.2773,1.00,1.60
2010.04.22 23:22:16.721,7.27195,7.2773,1.00,1.60
2010.04.22 23:22:22.264,7.27195,7.27715,1.00,1.60
2010.04.22 23:22:22.936,7.27205,7.27715,1.00,1.60
2010.04.22 23:22:23.134,7.2721,7.2773,1.00,1.60
2010.04.22 23:22:23.520,7.2721,7.27715,1.00,1.60
2010.04.22 23:22:23.812,7.2723,7.27745,1.00,1.60
2010.04.22 23:22:24.219,7.2726,7.2776,1.00,1.60
2010.04.22 23:22:24.521,7.2724,7.2774,1.00,1.60
2010.04.22 23:22:24.726,7.2721,7.27715,1.00,1.60
2010.04.22 23:22:26.347,7.2723,7.27715,1.00,1.60
2010.04.22 23:22:26.691,7.2723,7.27745,1.00,1.60
2010.04.22 23:22:27.239,7.2726,7.27815,1.00,1.40
2010.04.22 23:22:29.021,7.2728,7.27835,1.00,1.40
2010.04.22 23:22:29.229,7.2728,7.2781,1.00,1.60
2010.04.22 23:22:29.439,7.2728,7.27815,1.00,1.60
2010.04.22 23:22:30.171,7.2728,7.2781,1.00,1.60
2010.04.22 23:22:32.035,7.27335,7.2781,1.00,1.60
2010.04.22 23:22:32.201,7.27335,7.2791,1.00,1.40
2010.04.22 23:22:32.524,7.27335,7.27885,1.00,1.60
2010.04.22 23:22:33.269,7.27335,7.2788,1.00,1.60
2010.04.22 23:22:33.611,7.27335,7.27865,1.00,1.60
2010.04.22 23:22:35.476,7.27335,7.2789,1.00,1.40
2010.04.22 23:22:35.571,7.27345,7.2789,1.60,1.40
2010.04.22 23:22:35.608,7.2737,7.27925,1.00,1.40
2010.04.22 23:22:37.224,7.27395,7.2795,1.00,1.40
2010.04.22 23:22:37.567,7.27395,7.2792,1.00,1.60
2010.04.22 23:22:40.369,7.27395,7.2791,1.00,1.60
2010.04.22 23:22:40.605,7.27375,7.2793,1.00,1.40
2010.04.22 23:22:41.253,7.27395,7.2792,1.00,1.60
2010.04.22 23:22:42.471,7.27375,7.2791,1.00,1.60
2010.04.22 23:22:42.525,7.27375,7.27895,1.00,1.60
2010.04.22 23:22:42.750,7.27375,7.2793,1.00,1.40
2010.04.22 23:22:44.850,7.27395,7.2795,1.00,1.40
2010.04.22 23:22:44.928,7.27375,7.2793,1.00,1.40
2010.04.22 23:22:45.085,7.27375,7.27855,1.00,1.60
2010.04.22 23:22:45.234,7.27375,7.2793,1.00,1.40
2010.04.22 23:22:49.520,7.27395,7.2791,1.00,1.60
2010.04.22 23:22:49.858,7.27375,7.2791,1.00,1.60
2010.04.22 23:22:49.974,7.27375,7.27895,1.00,1.60
2010.04.22 23:22:50.588,7.2732,7.2783,1.00,1.60
2010.04.22 23:22:50.936,7.2732,7.27895,1.00,1.40
2010.04.22 23:22:56.707,7.27295,7.278,1.00,1.60
2010.04.22 23:22:57.270,7.27245,7.27745,1.00,1.60
2010.04.22 23:22:57.503,7.27245,7.278,1.00,1.40
2010.04.22 23:22:57.735,7.2726,7.27815,1.00,1.40
2010.04.22 23:23:05.343,7.2723,7.2774,1.00,1.60
2010.04.22 23:23:05.447,7.2721,7.27715,1.00,1.60
2010.04.22 23:23:06.769,7.2721,7.27765,1.00,1.40
2010.04.22 23:23:07.791,7.2723,7.27755,1.00,1.60
2010.04.22 23:23:08.936,7.2726,7.27815,1.00,1.40
2010.04.22 23:23:09.247,7.2724,7.27755,1.00,1.60
2010.04.22 23:23:11.334,7.2724,7.2777,1.00,1.60
2010.04.22 23:23:13.422,7.2724,7.27755,1.00,1.60
2010.04.22 23:23:14.672,7.27205,7.27705,1.00,1.60
2010.04.22 23:23:14.959,7.27205,7.2769,1.00,1.60
2010.04.22 23:23:15.243,7.27185,7.2769,1.00,1.60
2010.04.22 23:23:16.870,7.27175,7.2769,1.00,1.60
2010.04.22 23:23:17.220,7.2715,7.27675,1.00,1.60
2010.04.22 23:23:17.743,7.2715,7.2765,1.00,1.60
2010.04.22 23:23:17.932,7.2713,7.27645,1.00,1.60
2010.04.22 23:23:19.082,7.2713,7.27635,1.00,1.60
2010.04.22 23:23:20.071,7.27075,7.2758,1.00,1.60
2010.04.22 23:23:22.762,7.271,7.27655,1.00,1.40
2010.04.22 23:23:26.873,7.2712,7.27635,1.00,1.60
2010.04.22 23:23:28.283,7.27075,7.2758,1.00,1.60
2010.04.22 23:23:28.787,7.27075,7.2763,1.00,1.40
2010.04.22 23:23:29.040,7.27115,7.2767,1.00,1.40
2010.04.22 23:23:29.529,7.2715,7.27705,1.00,1.40
2010.04.22 23:23:37.453,7.27175,7.2769,1.00,1.60
2010.04.22 23:23:37.645,7.2715,7.27635,1.60,1.60
2010.04.22 23:23:37.843,7.27095,7.27635,1.70,1.60
2010.04.22 23:23:38.257,7.27095,7.27635,1.00,1.60
2010.04.22 23:23:38.476,7.2715,7.27635,1.00,1.60
2010.04.22 23:23:38.892,7.2715,7.27705,1.00,1.40
2010.04.22 23:23:40.200,7.2715,7.2767,1.00,1.00
2010.04.22 23:23:40.325,7.2715,7.27705,1.00,1.40
2010.04.22 23:23:43.722,7.2715,7.27635,1.00,1.60
2010.04.22 23:23:43.763,7.2713,7.27635,1.00,1.60
2010.04.22 23:23:46.998,7.27095,7.2758,1.00,1.60
2010.04.22 23:23:47.339,7.27095,7.2765,1.00,1.40
2010.04.22 23:23:48.138,7.27095,7.27635,1.70,1.60
2010.04.22 23:23:48.274,7.2712,7.27635,1.00,1.60
2010.04.22 23:23:48.976,7.27095,7.2758,1.00,1.60
2010.04.22 23:23:49.319,7.27095,7.2765,1.00,1.40
2010.04.22 23:23:54.470,7.27105,7.27635,1.00,1.60
2010.04.22 23:23:56.038,7.27085,7.2759,1.00,1.60
2010.04.22 23:23:56.378,7.27085,7.27635,1.00,1.40
2010.04.22 23:23:56.719,7.2706,7.2758,1.00,1.60
2010.04.22 23:24:04.812,7.27035,7.2758,1.60,3.00
2010.04.22 23:24:04.956,7.2705,7.2758,1.00,1.60
2010.04.22 23:24:05.293,7.2705,7.276,1.00,1.60
2010.04.22 23:24:05.480,7.2703,7.27585,1.00,3.00
2010.04.22 23:24:05.669,7.2703,7.27585,1.00,1.40
2010.04.22 23:24:08.703,7.2704,7.27595,1.00,1.40
2010.04.22 23:24:10.076,7.27065,7.2758,1.00,1.60
2010.04.22 23:24:11.415,7.27115,7.2769,1.00,1.40
2010.04.22 23:24:11.587,7.27115,7.27655,1.00,1.60
2010.04.22 23:24:12.021,7.2715,7.27725,1.00,1.40
2010.04.22 23:24:13.979,7.2713,7.27645,1.00,1.60
2010.04.22 23:24:14.184,7.271,7.2756,1.00,1.60
2010.04.22 23:24:14.386,7.27045,7.27545,1.00,1.60
2010.04.22 23:24:14.902,7.2706,7.27635,1.00,1.40
2010.04.22 23:24:15.093,7.2706,7.276,1.00,1.60
2010.04.22 23:24:15.887,7.27115,7.27655,1.00,1.60
2010.04.22 23:24:16.646,7.2715,7.27705,1.00,1.40
2010.04.22 23:24:19.294,7.27155,7.2771,1.00,1.40
2010.04.22 23:24:19.653,7.2713,7.27635,1.00,1.60
2010.04.22 23:24:25.716,7.2715,7.27705,1.00,1.40
2010.04.22 23:24:36.915,7.2715,7.27635,1.00,1.60
2010.04.22 23:24:37.856,7.27205,7.2777,1.00,1.60
2010.04.22 23:24:38.000,7.27205,7.2778,1.00,1.40
2010.04.22 23:24:38.875,7.2723,7.2778,1.00,1.40
2010.04.22 23:24:39.171,7.2726,7.27815,1.00,1.40
2010.04.22 23:24:41.871,7.27285,7.2784,1.00,1.40
2010.04.22 23:24:42.206,7.2726,7.27815,1.00,1.40
2010.04.22 23:24:42.397,7.2724,7.27745,1.00,1.60
2010.04.22 23:24:42.568,7.2724,7.27705,1.00,1.60
2010.04.22 23:24:42.738,7.27215,7.2769,1.60,1.60
2010.04.22 23:24:42.908,7.2721,7.2769,1.00,1.60
2010.04.22 23:24:43.339,7.2721,7.27765,1.00,1.40
2010.04.22 23:24:49.870,7.2723,7.27785,1.00,1.40
2010.04.22 23:24:53.696,7.2721,7.27765,1.00,1.40
2010.04.22 23:24:59.975,7.2723,7.2778,1.00,1.40
2010.04.22 23:25:00.092,7.2723,7.27745,1.00,1.60
2010.04.22 23:25:06.043,7.2726,7.27815,1.00,1.40
2010.04.22 23:25:11.610,7.27315,7.2787,1.00,1.40
2010.04.22 23:25:14.856,7.27295,7.2785,1.00,1.40
2010.04.22 23:25:14.956,7.27295,7.278,1.00,1.60
2010.04.22 23:25:18.900,7.27315,7.2787,1.00,1.40
2010.04.22 23:25:20.879,7.2734,7.27815,1.00,1.60
2010.04.22 23:25:20.980,7.2737,7.27855,1.00,1.60
2010.04.22 23:25:21.434,7.27395,7.2797,1.00,1.40
2010.04.22 23:25:21.541,7.27395,7.27875,1.00,1.60
2010.04.22 23:25:21.637,7.27395,7.2793,1.00,1.60
2010.04.22 23:25:22.724,7.27395,7.27855,1.00,1.60
2010.04.22 23:25:23.264,7.27375,7.27855,1.00,1.60
2010.04.22 23:25:23.607,7.27375,7.2793,1.00,1.40
2010.04.22 23:25:26.809,7.27395,7.2795,1.00,1.40
2010.04.22 23:25:27.035,7.27395,7.2791,1.00,1.60
2010.04.22 23:25:31.275,7.27395,7.27945,1.00,1.60
2010.04.22 23:25:31.434,7.27395,7.2791,1.00,1.60
2010.04.22 23:25:33.621,7.27445,7.27985,1.00,1.60
2010.04.22 23:25:33.924,7.27445,7.27965,1.00,1.60
2010.04.22 23:25:35.602,7.27405,7.2791,1.00,1.60
2010.04.22 23:25:53.292,7.27375,7.27855,1.00,1.60
2010.04.22 23:25:53.570,7.27375,7.2793,1.00,3.00
2010.04.22 23:25:53.880,7.27375,7.2793,1.00,1.40
2010.04.22 23:25:57.358,7.2735,7.27855,1.00,1.60
2010.04.22 23:26:09.121,7.2732,7.27855,1.00,3.00
2010.04.22 23:26:09.258,7.27335,7.278,1.00,1.60
2010.04.22 23:26:09.388,7.27335,7.2791,1.00,1.40
2010.04.22 23:26:09.518,7.2735,7.2791,1.00,1.40
2010.04.22 23:26:09.791,7.2737,7.27945,1.00,1.40
2010.04.22 23:26:10.339,7.2735,7.27875,1.00,1.60
2010.04.22 23:26:11.182,7.2735,7.27855,1.00,1.60
2010.04.22 23:26:11.521,7.2737,7.27925,1.00,1.40
2010.04.22 23:26:13.585,7.2737,7.27925,1.70,1.40
2010.04.22 23:26:13.801,7.27395,7.2791,1.00,1.60
2010.04.22 23:26:18.800,7.27375,7.2791,1.00,1.60
2010.04.22 23:26:18.988,7.27375,7.27855,1.00,1.60
2010.04.22 23:26:19.178,7.27395,7.27965,1.00,1.60
2010.04.22 23:26:19.733,7.27375,7.2795,1.00,1.40
2010.04.22 23:26:20.596,7.27375,7.27855,1.00,1.60
2010.04.22 23:26:20.899,7.2735,7.27855,1.00,1.60
2010.04.22 23:26:22.996,7.2735,7.27905,1.00,1.40
2010.04.22 23:26:23.164,7.2737,7.27925,1.00,1.40
2010.04.22 23:26:26.045,7.27395,7.2791,1.00,1.60
2010.04.22 23:26:27.587,7.27445,7.2802,1.00,1.40
2010.04.22 23:26:28.234,7.27505,7.2808,1.00,1.40
2010.04.22 23:26:28.527,7.27485,7.2803,1.00,1.60
2010.04.22 23:26:29.102,7.2746,7.27945,1.90,1.60
2010.04.22 23:26:29.446,7.2743,7.28005,1.00,1.40
2010.04.22 23:26:33.220,7.27435,7.27985,1.60,1.40
2010.04.22 23:26:33.345,7.2746,7.28015,1.00,1.40
2010.04.22 23:26:33.924,7.2748,7.28035,1.00,1.40
2010.04.22 23:26:34.262,7.2743,7.2793,1.00,1.60
2010.04.22 23:26:34.760,7.2743,7.28005,1.00,1.40
2010.04.22 23:26:38.248,7.2743,7.2791,1.00,1.60
2010.04.22 23:26:38.686,7.27405,7.2791,1.00,1.60
2010.04.22 23:26:38.829,7.27375,7.2791,1.00,1.60
2010.04.22 23:26:38.964,7.27375,7.27855,1.00,1.60
2010.04.22 23:26:39.231,7.27375,7.2793,1.00,1.40
2010.04.22 23:26:42.816,7.27375,7.27855,1.00,1.60
2010.04.22 23:26:42.952,7.2732,7.278,1.00,1.60
2010.04.22 23:26:43.219,7.2732,7.27875,1.00,1.40
2010.04.22 23:26:45.250,7.2734,7.27855,1.00,1.60
2010.04.22 23:26:45.491,7.2732,7.278,1.00,1.60
2010.04.22 23:26:46.230,7.2734,7.27855,1.00,1.60
2010.04.22 23:26:48.961,7.2734,7.278,1.00,1.60
2010.04.22 23:26:49.077,7.2732,7.278,1.00,1.60
2010.04.22 23:26:49.197,7.273,7.278,1.00,1.60
2010.04.22 23:26:49.319,7.273,7.27745,1.00,1.60
2010.04.22 23:26:49.439,7.2727,7.27815,1.00,1.40
2010.04.22 23:26:49.793,7.2726,7.27745,1.00,1.60
2010.04.22 23:26:50.138,7.2724,7.27745,1.00,1.60
2010.04.22 23:26:51.765,7.2726,7.27815,1.00,1.40
2010.04.22 23:26:53.975,7.2724,7.27745,1.00,1.60
2010.04.22 23:26:54.308,7.2721,7.27745,1.00,1.60
2010.04.22 23:26:54.506,7.2723,7.27745,1.00,1.60
2010.04.22 23:26:55.342,7.27205,7.2769,1.00,1.60
2010.04.22 23:26:55.597,7.27205,7.2776,1.00,1.40
2010.04.22 23:26:57.547,7.2715,7.27705,1.00,1.40
2010.04.22 23:26:57.785,7.2713,7.27635,1.70,1.60
2010.04.22 23:26:58.289,7.2713,7.27635,1.00,1.60
2010.04.22 23:27:00.099,7.27115,7.27635,1.00,1.60
2010.04.22 23:27:00.446,7.27075,7.2758,1.00,1.60
2010.04.22 23:27:00.838,7.2704,7.27595,1.00,1.40
2010.04.22 23:27:01.944,7.27065,7.2762,1.00,3.00
2010.04.22 23:27:02.285,7.27065,7.2758,1.00,1.60
2010.04.22 23:27:04.373,7.27065,7.27525,1.00,1.60
2010.04.22 23:27:04.437,7.27025,7.27525,1.00,1.60
2010.04.22 23:27:04.846,7.27025,7.2757,1.00,1.60
2010.04.22 23:27:05.080,7.27025,7.27525,1.00,1.60
2010.04.22 23:27:06.399,7.2704,7.2758,1.00,1.60
2010.04.22 23:27:06.705,7.2704,7.27525,1.00,1.60
2010.04.22 23:27:07.392,7.2704,7.27595,1.00,1.40
2010.04.22 23:27:12.664,7.27045,7.276,1.00,1.40
2010.04.22 23:27:14.465,7.2704,7.27525,1.00,1.60
2010.04.22 23:27:14.722,7.2702,7.27525,1.00,1.60
2010.04.22 23:27:16.512,7.2697,7.2747,1.00,1.60
2010.04.22 23:27:19.523,7.2693,7.27415,1.00,1.60
2010.04.22 23:27:19.702,7.2693,7.27415,1.00,1.60
2010.04.22 23:27:21.342,7.2691,7.27415,1.00,1.60
2010.04.22 23:27:23.172,7.2691,7.2736,1.00,1.60
2010.04.22 23:27:23.283,7.2691,7.27305,1.00,1.60
2010.04.22 23:27:23.390,7.26875,7.27305,1.00,1.60
2010.04.22 23:27:23.509,7.2682,7.27305,1.00,1.60
2010.04.22 23:27:23.611,7.268,7.27305,1.00,1.60
2010.04.22 23:27:23.977,7.26765,7.2732,1.00,1.40
2010.04.22 23:27:24.088,7.268,7.2732,1.60,1.40
2010.04.22 23:27:24.193,7.2682,7.27375,1.00,1.40
2010.04.22 23:27:24.768,7.2682,7.27305,1.00,1.60
2010.04.22 23:27:24.895,7.2677,7.2725,1.00,1.60
2010.04.22 23:27:26.165,7.26765,7.2732,1.00,1.40
2010.04.22 23:27:27.531,7.2682,7.27375,1.00,1.40
2010.04.22 23:27:27.815,7.2682,7.27375,1.00,1.40
2010.04.22 23:27:31.097,7.2682,7.27375,1.00,1.40
2010.04.22 23:27:31.336,7.26845,7.2736,1.00,1.60
2010.04.22 23:27:33.467,7.2685,7.274,1.00,1.40
2010.04.22 23:27:33.808,7.26805,7.27325,1.00,1.60
2010.04.22 23:27:34.161,7.26875,7.2738,1.00,1.60
2010.04.22 23:27:34.704,7.26875,7.2745,1.00,1.40
2010.04.22 23:27:36.597,7.26825,7.2734,1.00,1.60
2010.04.22 23:27:36.892,7.268,7.27375,1.00,1.40
2010.04.22 23:27:37.189,7.2682,7.27395,1.00,1.40
2010.04.22 23:27:37.778,7.26875,7.2742,1.00,1.70
2010.04.22 23:27:38.138,7.26875,7.2743,1.00,1.40
2010.04.22 23:27:41.519,7.26875,7.2736,1.00,1.60
2010.04.22 23:27:41.657,7.26855,7.2736,1.00,1.60
2010.04.22 23:27:42.350,7.2682,7.27305,1.00,1.60
2010.04.22 23:27:42.936,7.26805,7.27305,1.00,1.60
2010.04.22 23:27:44.343,7.26805,7.2736,1.00,1.40
2010.04.22 23:27:44.492,7.2682,7.27375,1.00,1.40
2010.04.22 23:27:47.322,7.26825,7.2738,1.00,1.40
2010.04.22 23:27:50.576,7.26845,7.27395,1.00,1.40
2010.04.22 23:27:50.669,7.26845,7.2736,1.00,1.60
2010.04.22 23:27:50.768,7.26875,7.2736,1.00,1.60
2010.04.22 23:27:50.936,7.26875,7.2743,1.00,1.40
2010.04.22 23:27:54.011,7.26855,7.2736,1.00,1.60
2010.04.22 23:27:54.605,7.26875,7.2743,1.00,1.40
2010.04.22 23:27:58.826,7.26855,7.2736,1.00,1.60
2010.04.22 23:28:01.557,7.26855,7.27345,1.00,1.60
2010.04.22 23:28:01.758,7.2682,7.2733,1.00,1.60
2010.04.22 23:28:01.860,7.2682,7.2733,1.00,1.60
2010.04.22 23:28:02.058,7.2682,7.27375,1.00,1.40
2010.04.22 23:28:02.401,7.2682,7.2733,1.00,1.60
2010.04.22 23:28:03.353,7.2682,7.27345,1.00,1.60
2010.04.22 23:28:08.431,7.2682,7.2733,1.00,1.60
2010.04.22 23:28:09.444,7.2682,7.27375,1.00,1.40
2010.04.22 23:28:33.673,7.26845,7.2736,1.00,1.60
2010.04.22 23:28:34.232,7.26845,7.27375,1.00,1.60
2010.04.22 23:28:38.214,7.26845,7.27385,1.00,1.60
2010.04.22 23:28:41.302,7.26845,7.27375,1.00,1.60
2010.04.22 23:28:41.377,7.26845,7.2736,1.00,1.60
2010.04.22 23:28:46.207,7.2683,7.2736,1.00,1.60
2010.04.22 23:28:47.747,7.26845,7.2736,1.00,1.60
2010.04.22 23:29:02.956,7.2682,7.27375,1.00,1.40
2010.04.22 23:29:09.504,7.26845,7.274,1.00,1.40
2010.04.22 23:29:09.814,7.26845,7.2736,1.00,1.60
2010.04.22 23:29:14.251,7.26805,7.27305,1.00,1.60
2010.04.22 23:29:17.302,7.26855,7.27315,1.00,1.60
2010.04.22 23:29:17.827,7.26825,7.27305,1.00,1.60
2010.04.22 23:29:18.274,7.26825,7.2738,1.00,1.40
2010.04.22 23:29:19.731,7.26845,7.2736,1.00,1.60
2010.04.22 23:29:23.447,7.26875,7.2736,1.00,1.60
2010.04.22 23:29:23.723,7.26875,7.2743,1.00,1.40
2010.04.22 23:29:24.271,7.26875,7.27385,1.00,1.60
2010.04.22 23:29:24.803,7.2693,7.27495,1.00,1.60
2010.04.22 23:29:25.084,7.2693,7.27505,1.00,1.40
2010.04.22 23:29:26.195,7.26955,7.2747,1.00,1.60
2010.04.22 23:29:26.498,7.2693,7.27415,1.00,1.60
2010.04.22 23:29:26.822,7.2691,7.27415,1.00,1.60
2010.04.22 23:29:32.084,7.26885,7.2737,1.60,1.60
2010.04.22 23:29:32.250,7.269,7.27415,1.00,1.60
2010.04.22 23:29:32.413,7.26875,7.2737,1.00,1.60
2010.04.22 23:29:33.798,7.26875,7.2743,1.00,1.40
2010.04.22 23:29:38.816,7.26875,7.27415,1.70,1.60
2010.04.22 23:29:38.931,7.269,7.27415,1.00,1.60
2010.04.22 23:29:40.796,7.26875,7.27385,1.00,1.60
2010.04.22 23:29:40.997,7.26875,7.2736,1.00,1.60
2010.04.22 23:29:41.376,7.26875,7.2743,1.00,1.40
2010.04.22 23:29:48.758,7.26875,7.27385,1.00,1.60
2010.04.22 23:29:48.885,7.269,7.27415,1.00,1.60
2010.04.22 23:30:05.278,7.269,7.2734,1.00,1.60
2010.04.22 23:30:11.855,7.26875,7.2732,1.70,1.60
2010.04.22 23:30:11.967,7.26875,7.2732,1.00,1.60
2010.04.22 23:30:12.262,7.26885,7.2732,1.60,1.60
2010.04.22 23:30:12.391,7.26885,7.27265,1.60,1.60
2010.04.22 23:30:13.950,7.269,7.27265,1.60,1.60
2010.04.22 23:30:14.481,7.26915,7.27265,1.60,1.60
2010.04.22 23:30:14.841,7.2693,7.27265,1.60,1.60
2010.04.22 23:30:15.461,7.2695,7.27265,1.60,1.60
2010.04.22 23:30:20.676,7.2695,7.2721,1.60,1.60
2010.04.22 23:30:23.464,7.26895,7.27155,1.60,1.60
2010.04.22 23:30:26.839,7.2695,7.2721,1.60,1.60
2010.04.22 23:30:27.504,7.2695,7.27265,1.60,1.60
2010.04.22 23:30:29.642,7.2695,7.2721,1.60,1.60
2010.04.22 23:30:31.929,7.2695,7.27265,1.60,1.60
2010.04.22 23:30:32.053,7.27005,7.27265,1.60,1.60
2010.04.22 23:30:32.826,7.2695,7.27265,1.60,1.60
2010.04.22 23:30:33.539,7.2695,7.2721,1.60,1.60
2010.04.22 23:30:53.612,7.2695,7.27265,1.60,1.60
2010.04.22 23:30:54.081,7.27005,7.2732,1.60,1.60
2010.04.22 23:31:00.219,7.2706,7.2732,1.60,1.60
2010.04.22 23:31:08.355,7.2693,7.27265,1.60,1.60
2010.04.22 23:31:11.508,7.2695,7.2721,1.60,1.60
2010.04.22 23:31:12.158,7.2695,7.27265,1.60,1.60
2010.04.22 23:31:24.800,7.2695,7.2721,1.60,1.60
2010.04.22 23:31:25.881,7.26895,7.2721,1.60,1.60
2010.04.22 23:31:28.642,7.2684,7.27155,1.60,1.60
2010.04.22 23:31:34.053,7.2684,7.271,1.60,1.60
2010.04.22 23:31:34.664,7.2684,7.27155,1.60,1.60
2010.04.22 23:31:44.581,7.2684,7.271,1.60,1.60
2010.04.22 23:31:44.761,7.2684,7.27155,1.60,1.60
2010.04.22 23:31:45.749,7.26895,7.27155,1.60,1.60
2010.04.22 23:31:46.233,7.2684,7.27155,1.60,1.60
2010.04.22 23:31:51.887,7.26785,7.271,1.60,1.60
2010.04.22 23:31:52.240,7.2684,7.27155,1.60,1.60
2010.04.22 23:31:54.134,7.2684,7.271,1.60,1.60
2010.04.22 23:32:21.187,7.2684,7.27155,1.60,1.60
2010.04.22 23:32:21.547,7.2684,7.2721,1.60,1.60
2010.04.22 23:32:21.729,7.26895,7.2721,1.60,1.60
2010.04.22 23:32:28.696,7.2695,7.27265,1.60,1.60
2010.04.22 23:32:29.498,7.27005,7.27265,1.60,1.60
2010.04.22 23:32:30.242,7.2695,7.27265,1.60,1.60
2010.04.22 23:32:31.437,7.2701,7.27265,1.60,1.60
2010.04.22 23:32:31.850,7.27005,7.27265,1.60,1.60
2010.04.22 23:32:32.076,7.27005,7.2732,1.60,1.60
2010.04.22 23:32:32.300,7.2706,7.2732,1.60,1.60
2010.04.22 23:32:32.758,7.27005,7.27265,1.60,1.60
2010.04.22 23:32:41.991,7.2695,7.27265,1.60,1.60
2010.04.22 23:32:42.703,7.26895,7.27265,1.60,1.60
2010.04.22 23:32:46.296,7.2695,7.2721,1.60,1.60
2010.04.22 23:32:46.446,7.26895,7.27265,1.60,1.60
2010.04.22 23:32:48.495,7.2695,7.27265,1.60,1.60
2010.04.22 23:32:51.143,7.2695,7.2721,1.60,1.60
2010.04.22 23:32:53.411,7.26895,7.2721,1.60,1.60
2010.04.22 23:32:57.917,7.2695,7.2721,1.60,1.60
2010.04.22 23:33:05.665,7.26955,7.2721,1.60,1.60
2010.04.22 23:33:05.811,7.27005,7.27265,1.60,1.60
2010.04.22 23:33:09.755,7.27005,7.2732,1.60,1.60
2010.04.22 23:33:10.016,7.2695,7.2732,1.60,1.60
2010.04.22 23:33:10.206,7.2695,7.27265,1.60,1.60
2010.04.22 23:33:11.750,7.27005,7.2732,1.60,1.60
2010.04.22 23:33:12.001,7.2706,7.2732,1.60,1.60
2010.04.22 23:33:13.531,7.2706,7.27375,1.60,1.60
2010.04.22 23:33:13.882,7.2706,7.2732,1.60,1.60
2010.04.22 23:33:20.034,7.2693,7.2732,1.60,1.60
2010.04.22 23:33:20.588,7.2693,7.27265,1.60,1.60
2010.04.22 23:33:22.142,7.26895,7.2721,1.60,1.60
2010.04.22 23:33:26.112,7.26985,7.27265,1.60,1.60
2010.04.22 23:33:26.256,7.2693,7.2721,1.60,1.60
2010.04.22 23:33:26.603,7.26875,7.27265,1.60,1.60
2010.04.22 23:33:26.765,7.26875,7.2721,1.60,1.60
2010.04.22 23:33:31.911,7.26895,7.27265,1.60,1.60
2010.04.22 23:33:31.930,7.26895,7.2721,1.60,1.60
2010.04.22 23:33:35.376,7.26985,7.27265,1.60,1.60
2010.04.22 23:33:35.643,7.26985,7.2732,1.60,1.60
2010.04.22 23:33:37.083,7.27005,7.27265,1.60,1.60
2010.04.22 23:33:45.619,7.2695,7.27265,1.60,1.60
2010.04.22 23:34:01.046,7.27005,7.27265,1.60,1.60
2010.04.22 23:34:01.197,7.2695,7.27265,1.60,1.60
2010.04.22 23:34:13.428,7.26895,7.2721,1.60,1.60
2010.04.22 23:34:21.036,7.2684,7.2721,1.60,1.60
2010.04.22 23:34:21.399,7.26895,7.2721,1.60,1.60
2010.04.22 23:34:21.462,7.26895,7.27155,1.60,1.60
2010.04.22 23:34:25.085,7.2684,7.27155,1.60,1.60
2010.04.22 23:34:25.263,7.26785,7.27065,1.60,1.60
2010.04.22 23:34:29.245,7.26785,7.271,1.60,1.60
2010.04.22 23:34:30.099,7.2684,7.27155,1.60,1.60
2010.04.22 23:34:34.186,7.26895,7.2721,1.60,1.60
2010.04.22 23:34:41.332,7.2695,7.2721,1.60,1.60
2010.04.22 23:34:45.237,7.2695,7.27265,1.60,1.60
2010.04.22 23:34:45.370,7.27005,7.27265,1.60,1.60
2010.04.22 23:34:46.110,7.2695,7.27265,1.60,1.60
2010.04.22 23:34:50.000,7.27005,7.27265,1.60,1.60
2010.04.22 23:34:51.119,7.27005,7.2732,1.60,1.60
2010.04.22 23:34:51.637,7.2706,7.2732,1.60,1.60
2010.04.22 23:34:52.513,7.27005,7.2732,1.60,1.60
2010.04.22 23:34:59.183,7.27005,7.27265,1.60,1.60
2010.04.22 23:35:02.008,7.27005,7.2732,1.60,1.60
2010.04.22 23:35:07.172,7.2706,7.2732,1.60,1.60
2010.04.22 23:35:09.890,7.27115,7.27375,1.60,1.60
2010.04.22 23:35:10.063,7.2706,7.27375,1.60,1.60
2010.04.22 23:35:10.911,7.27115,7.27375,1.60,1.60
2010.04.22 23:35:22.290,7.2717,7.2743,1.60,1.60
2010.04.22 23:35:23.807,7.2717,7.27485,1.60,1.60
2010.04.22 23:35:25.550,7.27225,7.27485,1.60,1.60
2010.04.22 23:35:26.365,7.2717,7.27485,1.60,1.60
2010.04.22 23:35:28.684,7.27225,7.27485,1.60,1.60
2010.04.22 23:35:30.256,7.2717,7.27485,1.60,1.60
2010.04.22 23:35:37.892,7.2717,7.2743,1.60,1.60
2010.04.22 23:35:38.097,7.2717,7.27485,1.60,1.60
2010.04.22 23:35:41.817,7.2717,7.2743,1.60,1.60
2010.04.22 23:35:42.152,7.27115,7.2743,1.60,1.60
2010.04.22 23:35:53.620,7.2717,7.27485,1.60,1.60
2010.04.22 23:35:54.336,7.27225,7.27485,1.60,1.60
2010.04.22 23:35:54.652,7.27225,7.2754,1.60,1.60
2010.04.22 23:35:58.048,7.2728,7.2754,1.60,1.60
2010.04.22 23:35:58.546,7.2728,7.27595,1.60,1.60
2010.04.22 23:36:06.986,7.27335,7.27595,1.60,1.60
2010.04.22 23:36:07.626,7.2728,7.27595,1.60,1.60
2010.04.22 23:36:12.262,7.2728,7.2754,1.60,1.60
2010.04.22 23:36:14.146,7.27225,7.2754,1.60,1.60
2010.04.22 23:36:15.527,7.2728,7.2754,1.60,1.60
2010.04.22 23:36:16.144,7.27225,7.27485,1.60,1.60
2010.04.22 23:36:16.472,7.27225,7.2754,1.60,1.60
2010.04.22 23:36:18.694,7.27225,7.27485,1.60,1.60
2010.04.22 23:36:18.869,7.27225,7.2754,1.60,1.60
2010.04.22 23:36:23.311,7.2728,7.2754,1.60,1.60
2010.04.22 23:36:28.105,7.27335,7.27595,1.60,1.60
2010.04.22 23:36:28.451,7.2728,7.27595,1.60,1.60
2010.04.22 23:36:29.678,7.27335,7.27595,1.60,1.60
2010.04.22 23:36:34.451,7.2739,7.2765,1.60,1.60
2010.04.22 23:36:35.350,7.2739,7.27705,1.60,1.60
2010.04.22 23:36:36.314,7.2739,7.2765,1.60,1.60
2010.04.22 23:36:48.590,7.27335,7.27595,1.60,1.60
2010.04.22 23:36:55.696,7.2728,7.27595,1.60,1.60
2010.04.22 23:36:56.038,7.27335,7.27595,1.60,1.60
2010.04.22 23:36:56.700,7.2739,7.2765,1.60,1.60
2010.04.22 23:36:56.883,7.27335,7.2765,1.60,1.60
2010.04.22 23:37:01.888,7.27335,7.27595,1.60,1.60
2010.04.22 23:37:13.599,7.2728,7.27595,1.60,1.60
2010.04.22 23:37:16.042,7.2737,7.2765,1.60,1.60
2010.04.22 23:37:16.603,7.2726,7.2765,1.60,1.60
2010.04.22 23:37:16.734,7.2726,7.27595,1.60,1.60
2010.04.22 23:37:17.625,7.27335,7.2765,1.60,1.60
2010.04.22 23:37:21.937,7.2739,7.2765,1.60,1.60
2010.04.22 23:37:22.380,7.27335,7.2765,1.60,1.60
2010.04.22 23:37:23.156,7.27335,7.27595,1.60,1.60
2010.04.22 23:37:23.506,7.27335,7.2765,1.60,1.60
2010.04.22 23:37:37.754,7.27335,7.27595,1.60,1.60
2010.04.22 23:37:38.125,7.2739,7.2765,1.60,1.60
2010.04.22 23:37:43.449,7.27335,7.27595,1.60,1.60
2010.04.22 23:37:44.223,7.2728,7.27595,1.60,1.60
2010.04.22 23:37:44.575,7.27335,7.2765,1.60,1.60
2010.04.22 23:37:45.601,7.27335,7.27595,1.60,1.60
2010.04.22 23:38:00.558,7.2739,7.2765,1.60,1.60
2010.04.22 23:38:01.098,7.27335,7.2765,1.60,1.60
2010.04.22 23:38:10.679,7.27335,7.27595,1.60,1.60
2010.04.22 23:38:12.668,7.27425,7.27725,1.60,1.60
2010.04.22 23:38:16.272,7.2739,7.2765,1.60,1.60
2010.04.22 23:38:19.343,7.2739,7.27705,1.60,1.60
2010.04.22 23:38:21.688,7.27445,7.27705,1.60,1.60
2010.04.22 23:38:30.005,7.275,7.2776,1.60,1.60
2010.04.22 23:38:30.356,7.27445,7.2776,1.60,1.60
2010.04.22 23:38:40.781,7.27445,7.27705,1.60,1.60
2010.04.22 23:38:42.966,7.27445,7.2776,1.60,1.60
2010.04.22 23:38:45.885,7.27445,7.27705,1.60,1.60
2010.04.22 23:38:46.328,7.27445,7.2776,1.60,1.60
2010.04.22 23:38:48.465,7.27445,7.27705,1.60,1.60
2010.04.22 23:38:48.741,7.27445,7.2776,1.60,1.60
2010.04.22 23:38:49.021,7.275,7.2776,1.60,1.60
2010.04.22 23:38:52.875,7.27445,7.2776,1.60,1.60
2010.04.22 23:38:55.231,7.2739,7.27705,1.60,1.60
2010.04.22 23:38:59.196,7.2739,7.2765,1.60,1.60
2010.04.22 23:38:59.684,7.27335,7.2765,1.60,1.60
2010.04.22 23:39:06.206,7.2739,7.27705,1.60,1.60
2010.04.22 23:39:20.676,7.2739,7.2765,1.60,1.60
2010.04.22 23:39:21.191,7.27335,7.2765,1.60,1.60
2010.04.22 23:39:31.089,7.27295,7.27595,3.20,1.60
2010.04.22 23:39:31.271,7.2728,7.2754,1.60,1.60
2010.04.22 23:39:31.479,7.2728,7.27595,1.60,1.60
2010.04.22 23:39:31.687,7.27295,7.27595,3.20,1.60
2010.04.22 23:39:31.943,7.2728,7.27595,1.60,1.60
2010.04.22 23:39:34.613,7.27335,7.27595,1.60,1.60
2010.04.22 23:39:35.545,7.2728,7.27595,1.60,1.60
2010.04.22 23:39:36.054,7.2728,7.2754,1.60,1.60
2010.04.22 23:39:37.751,7.2728,7.27595,1.60,1.60
2010.04.22 23:39:37.968,7.27335,7.27595,1.60,1.60
2010.04.22 23:39:38.394,7.27335,7.2765,1.60,1.60
2010.04.22 23:39:44.024,7.2739,7.27705,1.60,1.60
2010.04.22 23:39:44.380,7.27445,7.27705,1.60,1.60
2010.04.22 23:39:50.198,7.27445,7.2776,1.60,1.60
2010.04.22 23:39:50.461,7.275,7.2776,1.60,1.60
2010.04.22 23:39:51.154,7.27445,7.2776,1.60,1.60
2010.04.22 23:39:51.505,7.2739,7.27705,1.60,1.60
2010.04.22 23:40:01.180,7.27445,7.27705,1.60,1.60
2010.04.22 23:40:04.372,7.27445,7.2776,1.60,1.60
2010.04.22 23:40:08.259,7.27445,7.27705,1.60,1.60
2010.04.22 23:40:20.569,7.2739,7.27705,1.60,1.60
2010.04.22 23:40:21.040,7.2739,7.2765,1.60,1.60
2010.04.22 23:40:29.055,7.2739,7.27705,1.60,1.60
2010.04.22 23:40:31.694,7.2739,7.2776,1.60,1.60
2010.04.22 23:40:31.857,7.2739,7.27705,1.60,1.60
2010.04.22 23:40:35.155,7.27445,7.27705,1.60,1.60
2010.04.22 23:40:36.453,7.2739,7.2765,1.60,1.60
2010.04.22 23:40:49.370,7.2734,7.27595,1.60,1.60
2010.04.22 23:40:49.619,7.27335,7.27595,1.60,1.60
2010.04.22 23:40:51.686,7.27335,7.2765,1.60,1.60
2010.04.22 23:40:52.116,7.27295,7.2765,3.20,1.60
2010.04.22 23:40:52.685,7.27335,7.27595,1.60,1.60
2010.04.22 23:40:58.738,7.2728,7.27595,1.60,1.60
2010.04.22 23:40:59.425,7.27335,7.27595,1.60,1.60
2010.04.22 23:41:17.580,7.27335,7.2765,1.60,1.60
2010.04.22 23:41:18.370,7.2739,7.2765,1.60,1.60
2010.04.22 23:41:18.668,7.27335,7.2765,1.60,1.60
2010.04.22 23:41:22.471,7.27335,7.27595,1.60,1.60
2010.04.22 23:41:24.203,7.27335,7.2765,1.60,1.60
2010.04.22 23:41:30.365,7.27335,7.27595,1.60,1.60
2010.04.22 23:41:42.472,7.2728,7.2754,1.60,1.60
2010.04.22 23:41:43.326,7.2728,7.27595,1.60,1.60
2010.04.22 23:42:01.109,7.27335,7.27595,1.60,1.60
2010.04.22 23:42:05.580,7.2726,7.27505,3.20,1.60
2010.04.22 23:42:06.047,7.27225,7.27505,1.60,1.60
2010.04.22 23:42:06.741,7.2728,7.27615,1.60,1.60
2010.04.22 23:42:11.654,7.2728,7.2754,1.60,1.60
2010.04.22 23:42:16.114,7.2728,7.27595,1.60,1.60
2010.04.22 23:42:17.394,7.27335,7.27595,1.60,1.60
2010.04.22 23:42:31.521,7.27335,7.2765,1.60,1.60
2010.04.22 23:42:33.035,7.27335,7.27595,1.60,1.60
2010.04.22 23:42:35.564,7.27335,7.2765,1.60,1.60
2010.04.22 23:42:40.638,7.2739,7.2765,1.60,1.60
2010.04.22 23:42:40.720,7.27335,7.27595,1.60,1.60
2010.04.22 23:42:41.210,7.2728,7.27595,1.60,1.60
2010.04.22 23:42:47.434,7.27335,7.27595,1.60,1.60
2010.04.22 23:42:53.466,7.2728,7.27595,1.60,1.60
2010.04.22 23:42:54.262,7.27335,7.27595,1.60,1.60
2010.04.22 23:43:05.764,7.27335,7.2765,1.60,1.60
2010.04.22 23:43:05.873,7.27335,7.27595,1.60,1.60
2010.04.22 23:43:05.973,7.2728,7.27595,1.60,1.60
2010.04.22 23:43:06.343,7.27335,7.27595,1.60,1.60
2010.04.22 23:43:20.048,7.27335,7.2765,1.60,1.60
2010.04.22 23:43:42.644,7.27435,7.27705,1.60,1.60
2010.04.22 23:43:43.195,7.2748,7.2776,1.60,1.60
2010.04.22 23:43:43.769,7.27445,7.2776,1.60,1.60
2010.04.22 23:43:47.330,7.2739,7.2776,1.60,1.60
2010.04.22 23:43:47.654,7.2739,7.27705,1.60,1.60
2010.04.22 23:43:49.813,7.2739,7.2765,1.60,1.60
2010.04.22 23:43:51.544,7.2748,7.2778,1.60,1.60
2010.04.22 23:43:51.827,7.2737,7.2778,1.60,1.60
2010.04.22 23:43:52.015,7.27425,7.27725,1.60,1.60
2010.04.22 23:43:52.372,7.27425,7.2778,1.60,1.60
2010.04.22 23:43:53.128,7.2739,7.27705,1.60,1.60
2010.04.22 23:43:54.532,7.2739,7.2776,1.60,1.60
2010.04.22 23:43:54.730,7.27445,7.2776,1.60,1.60
2010.04.22 23:43:58.543,7.275,7.2776,1.60,1.60
2010.04.22 23:43:59.870,7.27445,7.27815,1.60,1.60
2010.04.22 23:44:00.191,7.27445,7.2776,1.60,1.60
2010.04.22 23:44:04.361,7.275,7.27815,1.60,1.60
2010.04.22 23:44:06.307,7.275,7.2787,1.60,1.60
2010.04.22 23:44:06.609,7.27555,7.2787,1.60,1.60
2010.04.22 23:44:07.829,7.27555,7.27815,1.60,1.60
2010.04.22 23:44:08.567,7.275,7.27815,1.60,1.60
2010.04.22 23:44:11.537,7.275,7.2776,1.60,1.60
2010.04.22 23:44:12.250,7.275,7.27815,1.60,1.60
2010.04.22 23:44:12.497,7.27555,7.27815,1.60,1.60
2010.04.22 23:44:15.775,7.27555,7.2787,1.60,1.60
2010.04.22 23:44:18.978,7.275,7.27815,1.60,1.60
2010.04.22 23:44:19.225,7.27445,7.2776,1.60,1.60
2010.04.22 23:44:22.838,7.27445,7.27815,1.60,1.60
2010.04.22 23:44:23.085,7.27445,7.2787,1.60,1.60
2010.04.22 23:44:23.580,7.27445,7.27815,1.60,1.60
2010.04.22 23:44:25.224,7.27535,7.2787,1.60,1.60
2010.04.22 23:44:25.880,7.27535,7.27815,1.60,1.60
2010.04.22 23:44:28.191,7.275,7.27815,1.60,1.60
2010.04.22 23:44:28.293,7.27445,7.27815,1.60,1.60
2010.04.22 23:44:28.392,7.27445,7.2776,1.60,1.60
2010.04.22 23:44:29.892,7.2739,7.2776,1.60,1.60
2010.04.22 23:44:30.156,7.2739,7.27705,1.60,1.60
2010.04.22 23:44:30.690,7.2748,7.2776,1.60,1.60
2010.04.22 23:44:30.973,7.2738,7.2776,3.20,1.60
2010.04.22 23:44:31.245,7.27425,7.2776,1.60,1.60
2010.04.22 23:44:37.992,7.275,7.2776,1.60,1.60
2010.04.22 23:44:46.229,7.275,7.27815,1.60,1.60
2010.04.22 23:44:47.694,7.27555,7.27815,1.60,1.60
2010.04.22 23:45:00.383,7.27555,7.2787,1.60,1.60
2010.04.22 23:45:01.419,7.275,7.2778,1.60,1.60
2010.04.22 23:45:17.364,7.27445,7.27705,1.60,1.60
2010.04.22 23:45:17.820,7.275,7.2776,1.60,1.60
2010.04.22 23:45:18.036,7.27445,7.2776,1.60,1.60
2010.04.22 23:45:57.765,7.2739,7.27705,1.60,1.60
2010.04.22 23:45:58.719,7.27335,7.27705,1.60,1.60
2010.04.22 23:46:00.424,7.27335,7.2765,1.60,1.60
2010.04.22 23:46:03.099,7.27335,7.27705,1.60,1.60
2010.04.22 23:46:03.439,7.2739,7.27705,1.60,1.60
2010.04.22 23:46:08.167,7.27335,7.27705,1.60,1.60
2010.04.22 23:46:12.000,7.27335,7.27615,1.60,1.60
2010.04.22 23:46:19.252,7.27335,7.27725,1.60,1.60
2010.04.22 23:46:56.090,7.27335,7.27615,1.60,1.60
2010.04.22 23:46:59.400,7.27335,7.27725,1.60,1.60
2010.04.22 23:46:59.808,7.2739,7.27725,1.60,1.60
2010.04.22 23:47:08.413,7.27445,7.27705,1.60,1.60
2010.04.22 23:47:10.084,7.2739,7.2765,1.60,1.60
2010.04.22 23:47:10.600,7.27335,7.2765,1.60,1.60
2010.04.22 23:47:30.232,7.2728,7.2765,1.60,1.60
2010.04.22 23:47:30.515,7.2728,7.27595,1.60,1.60
2010.04.22 23:47:48.105,7.27335,7.27595,1.60,1.60
2010.04.22 23:47:51.915,7.2728,7.27595,1.60,1.60
2010.04.22 23:48:18.026,7.2728,7.2754,1.60,1.60
2010.04.22 23:48:18.778,7.2728,7.27595,1.60,1.60
2010.04.22 23:48:29.747,7.2728,7.2754,1.60,1.60
2010.04.22 23:48:32.076,7.27225,7.27485,1.60,1.60
2010.04.22 23:48:32.566,7.2717,7.27485,1.60,1.60
2010.04.22 23:48:40.383,7.2717,7.2743,1.60,1.60
2010.04.22 23:48:41.465,7.27115,7.2743,1.60,1.60
2010.04.22 23:48:42.105,7.27115,7.27375,1.60,1.60
2010.04.22 23:48:43.005,7.2706,7.27375,1.60,1.60
2010.04.22 23:48:43.552,7.27115,7.27375,1.60,1.60
2010.04.22 23:48:46.893,7.2706,7.2732,1.60,1.60
2010.04.22 23:48:47.295,7.27115,7.27375,1.60,1.60
2010.04.22 23:48:53.365,7.2706,7.2732,1.60,1.60
2010.04.22 23:48:54.243,7.2706,7.27375,1.60,1.60
2010.04.22 23:48:55.325,7.2706,7.2732,1.60,1.60
2010.04.22 23:48:57.735,7.27005,7.2732,1.60,1.60
2010.04.22 23:49:07.656,7.27005,7.27265,1.60,1.60
2010.04.22 23:49:08.714,7.2695,7.2721,1.60,1.60
2010.04.22 23:49:15.586,7.2695,7.27265,1.60,1.60
2010.04.22 23:49:15.856,7.27005,7.2732,1.60,1.60
2010.04.22 23:49:22.094,7.2706,7.2732,1.60,1.60
2010.04.22 23:49:25.230,7.2706,7.27375,1.60,1.60
2010.04.22 23:49:25.532,7.27115,7.27375,1.60,1.60
2010.04.22 23:49:26.069,7.27115,7.2743,1.60,1.60
2010.04.22 23:49:33.835,7.2717,7.2743,1.60,1.60
2010.04.22 23:49:34.019,7.2717,7.27485,1.60,1.60
2010.04.22 23:49:34.534,7.27225,7.27485,1.60,1.60
2010.04.22 23:49:35.303,7.27225,7.2754,1.60,1.60
2010.04.22 23:49:35.658,7.27225,7.27485,1.60,1.60
2010.04.22 23:49:36.712,7.2717,7.2743,1.60,1.60
2010.04.22 23:49:38.839,7.27115,7.27375,1.60,1.60
2010.04.22 23:49:39.248,7.27115,7.2743,1.60,1.60
2010.04.22 23:49:42.100,7.2717,7.27485,1.60,1.60
2010.04.22 23:49:55.606,7.2717,7.2743,1.60,1.60
2010.04.22 23:50:00.654,7.27115,7.27375,1.60,1.60
2010.04.22 23:50:01.061,7.27115,7.2743,1.60,1.60
2010.04.22 23:50:01.413,7.2717,7.2743,1.60,1.60
2010.04.22 23:50:04.146,7.27115,7.27375,1.60,1.60
2010.04.22 23:50:04.359,7.27115,7.2743,1.60,1.60
2010.04.22 23:50:23.126,7.27115,7.27375,1.60,1.60
2010.04.22 23:50:23.290,7.27115,7.2743,1.60,1.60
2010.04.22 23:50:32.272,7.27115,7.27485,1.60,1.60
2010.04.22 23:50:32.497,7.27115,7.2743,1.60,1.60
2010.04.22 23:50:32.940,7.2717,7.2743,1.60,1.60
2010.04.22 23:50:34.877,7.27115,7.2743,1.60,1.60
2010.04.22 23:50:35.187,7.27115,7.27375,1.60,1.60
2010.04.22 23:50:39.222,7.27115,7.2743,1.60,1.60
2010.04.22 23:50:40.824,7.27115,7.27375,1.60,1.60
2010.04.22 23:50:42.203,7.27115,7.2743,1.60,1.60
2010.04.22 23:50:42.708,7.2717,7.2743,1.60,1.60
2010.04.22 23:50:45.883,7.27115,7.2743,1.60,1.60
2010.04.22 23:50:53.922,7.27115,7.27375,1.60,1.60
2010.04.22 23:50:56.029,7.27115,7.2743,1.60,1.60
2010.04.22 23:50:56.410,7.2717,7.2743,1.60,1.60
2010.04.22 23:50:57.133,7.2717,7.27485,1.60,1.60
2010.04.22 23:51:03.033,7.2717,7.2743,1.60,1.60
2010.04.22 23:51:07.868,7.27115,7.2743,1.60,1.60
2010.04.22 23:51:18.876,7.27115,7.27375,1.60,1.60
2010.04.22 23:51:22.157,7.2706,7.27375,1.60,1.60
2010.04.22 23:51:31.055,7.27115,7.27375,1.60,1.60
2010.04.22 23:51:32.881,7.2706,7.2732,1.60,1.60
2010.04.22 23:51:34.994,7.2706,7.27375,1.60,1.60
2010.04.22 23:51:39.622,7.2706,7.2732,1.60,1.60
2010.04.22 23:51:51.049,7.2706,7.27375,1.60,1.60
2010.04.22 23:51:51.266,7.2706,7.2732,1.60,1.60
2010.04.22 23:51:55.888,7.2694,7.2732,3.20,1.60
2010.04.22 23:51:56.170,7.2693,7.27265,1.60,1.60
2010.04.22 23:51:59.395,7.27005,7.27265,1.60,1.60
2010.04.22 23:52:30.303,7.2695,7.2721,1.60,1.60
2010.04.22 23:52:32.027,7.2695,7.27265,1.60,1.60
2010.04.22 23:52:32.727,7.2695,7.2721,1.60,1.60
2010.04.22 23:52:34.388,7.2695,7.27265,1.60,1.60
2010.04.22 23:52:34.777,7.2695,7.2721,1.60,1.60
2010.04.22 23:52:35.131,7.26895,7.2721,1.60,1.60
2010.04.22 23:52:46.540,7.2684,7.2721,1.60,1.60
2010.04.22 23:52:46.717,7.26895,7.2721,1.60,1.60
2010.04.22 23:52:47.499,7.2684,7.2712,1.60,1.60
2010.04.22 23:52:47.850,7.2684,7.27175,1.60,1.60
2010.04.22 23:52:49.076,7.26895,7.27155,1.60,1.60
2010.04.22 23:52:49.427,7.26895,7.2721,1.60,1.60
2010.04.22 23:52:49.778,7.2695,7.27265,1.60,1.60
2010.04.22 23:52:52.420,7.26895,7.2721,1.60,1.60
2010.04.22 23:52:57.079,7.2684,7.2721,1.60,1.60
2010.04.22 23:52:57.457,7.26895,7.2721,1.60,1.60
2010.04.22 23:53:00.310,7.2695,7.2721,1.60,1.60
2010.04.22 23:53:01.147,7.2695,7.27265,1.60,1.60
2010.04.22 23:53:02.020,7.2695,7.2721,1.60,1.60
2010.04.22 23:53:02.424,7.2695,7.27265,1.60,1.60
2010.04.22 23:53:07.772,7.27005,7.2732,1.60,1.60
2010.04.22 23:53:08.411,7.2706,7.27375,1.60,1.60
2010.04.22 23:53:08.769,7.27115,7.27375,1.60,1.60
2010.04.22 23:53:11.215,7.27115,7.2743,1.60,1.60
2010.04.22 23:53:11.462,7.2717,7.2743,1.60,1.60
2010.04.22 23:53:16.388,7.2717,7.27485,1.60,1.60
2010.04.22 23:53:19.369,7.27225,7.27485,1.60,1.60
2010.04.22 23:53:19.760,7.2717,7.27485,1.60,1.60
2010.04.22 23:53:20.261,7.27225,7.27485,1.60,1.60
2010.04.22 23:53:24.485,7.2728,7.2754,1.60,1.60
2010.04.22 23:53:28.588,7.27335,7.27595,1.60,1.60
2010.04.22 23:53:29.208,7.2728,7.27595,1.60,1.60
2010.04.22 23:53:30.341,7.27225,7.27595,1.60,1.60
2010.04.22 23:53:30.687,7.2728,7.27595,1.60,1.60
2010.04.22 23:53:31.227,7.27225,7.27505,1.60,1.60
2010.04.22 23:53:32.140,7.27225,7.2756,1.60,1.60
2010.04.22 23:53:34.079,7.2717,7.27485,1.60,1.60
2010.04.22 23:53:34.462,7.2717,7.2743,1.60,1.60
2010.04.22 23:53:35.391,7.27115,7.2743,1.60,1.60
2010.04.22 23:53:37.835,7.27205,7.27485,1.60,1.60
2010.04.22 23:53:38.274,7.27205,7.2754,1.60,1.60
2010.04.22 23:53:42.783,7.2728,7.2754,1.60,1.60
2010.04.22 23:53:44.481,7.2728,7.27595,1.60,1.60
2010.04.22 23:53:45.149,7.2728,7.2754,1.60,1.60
2010.04.22 23:53:46.360,7.2721,7.27465,1.60,1.60
2010.04.22 23:53:50.410,7.27265,7.2752,1.60,1.60
2010.04.22 23:53:50.766,7.2721,7.27465,1.60,1.60
2010.04.22 23:53:54.786,7.27155,7.2741,1.60,1.60
2010.04.22 23:53:57.311,7.2704,7.27355,1.60,1.60
2010.04.22 23:53:57.627,7.2708,7.27355,1.60,1.60
2010.04.22 23:54:03.306,7.2706,7.27355,1.60,1.60
