2009.12.09 07:00:00.808,7.1487,7.1519,1.60,1.60
2009.12.09 07:00:00.988,7.1487,7.1524,1.60,1.60
2009.12.09 07:00:02.217,7.1492,7.1524,1.60,1.60
2009.12.09 07:00:02.577,7.1492,7.15285,1.60,1.60
2009.12.09 07:00:05.306,7.1487,7.15285,1.60,1.60
2009.12.09 07:00:06.046,7.1487,7.1526,1.60,1.60
2009.12.09 07:00:07.246,7.1487,7.1524,1.60,3.20
2009.12.09 07:00:09.745,7.1487,7.1519,1.60,1.60
2009.12.09 07:00:10.085,7.14825,7.1519,1.60,3.20
2009.12.09 07:00:10.715,7.14825,7.1519,1.60,1.60
2009.12.09 07:00:11.065,7.14885,7.1521,1.00,1.60
2009.12.09 07:00:11.405,7.14935,7.1524,1.00,3.20
2009.12.09 07:00:11.785,7.14935,7.1521,1.00,1.60
2009.12.09 07:00:13.905,7.14935,7.1524,1.00,3.20
2009.12.09 07:00:20.043,7.14935,7.1524,1.00,3.20
2009.12.09 07:00:21.072,7.14935,7.1524,1.00,3.20
2009.12.09 07:00:22.862,7.14935,7.1514,1.00,1.60
2009.12.09 07:00:24.841,7.14935,7.151,1.00,1.60
2009.12.09 07:00:26.051,7.14935,7.1515,1.00,1.60
2009.12.09 07:00:26.281,7.1502,7.1513,1.00,1.60
2009.12.09 07:00:26.571,7.14915,7.1513,1.00,1.60
2009.12.09 07:00:28.680,7.14935,7.151,1.00,1.60
2009.12.09 07:00:31.170,7.1487,7.151,1.60,1.60
2009.12.09 07:00:32.160,7.14935,7.151,1.00,1.60
2009.12.09 07:00:35.669,7.14935,7.1513,1.00,1.60
2009.12.09 07:00:41.267,7.14935,7.1515,1.00,1.60
2009.12.09 07:00:41.498,7.1497,7.1517,1.60,1.60
2009.12.09 07:00:41.727,7.14935,7.1515,1.00,1.60
2009.12.09 07:00:42.117,7.14935,7.1517,1.00,1.60
2009.12.09 07:00:42.457,7.14935,7.1517,1.30,1.60
2009.12.09 07:00:44.947,7.14935,7.1515,1.30,1.60
2009.12.09 07:00:45.237,7.14935,7.1515,1.00,1.60
2009.12.09 07:00:46.107,7.1492,7.1515,1.60,1.60
2009.12.09 07:00:46.326,7.1492,7.1517,1.60,1.60
2009.12.09 07:00:46.596,7.14935,7.1517,1.00,1.60
2009.12.09 07:00:46.836,7.14955,7.1523,1.00,1.60
2009.12.09 07:00:47.066,7.15025,7.152,1.60,1.60
2009.12.09 07:00:48.796,7.1505,7.152,1.00,1.60
2009.12.09 07:00:49.756,7.1507,7.152,1.00,1.60
2009.12.09 07:00:51.605,7.1508,7.152,1.00,1.60
2009.12.09 07:00:51.945,7.1508,7.152,1.00,1.60
2009.12.09 07:00:56.764,7.1504,7.1518,1.00,1.60
2009.12.09 07:00:56.994,7.1508,7.1523,1.00,1.60
2009.12.09 07:00:57.454,7.15025,7.1523,1.60,1.60
2009.12.09 07:00:58.304,7.1508,7.152,1.00,1.60
2009.12.09 07:00:58.643,7.1508,7.1523,1.00,1.60
2009.12.09 07:00:58.994,7.15025,7.1523,1.60,1.60
2009.12.09 07:00:59.173,7.1508,7.1523,1.00,1.60
2009.12.09 07:00:59.963,7.15025,7.1523,1.60,1.60
2009.12.09 07:01:01.573,7.15025,7.1525,1.60,1.60
2009.12.09 07:01:03.033,7.15025,7.1523,1.60,1.60
2009.12.09 07:01:03.313,7.1508,7.1523,1.00,1.60
2009.12.09 07:01:03.652,7.1503,7.1518,1.00,1.60
2009.12.09 07:01:04.002,7.14975,7.1518,1.60,1.60
2009.12.09 07:01:04.402,7.14975,7.152,1.60,1.60
2009.12.09 07:01:05.102,7.1503,7.1543,1.60,2.40
2009.12.09 07:01:05.442,7.1503,7.1548,1.60,1.60
2009.12.09 07:01:05.841,7.1501,7.1545,1.60,1.60
2009.12.09 07:01:08.041,7.1506,7.1546,1.60,1.60
2009.12.09 07:01:09.401,7.1501,7.1541,1.60,1.60
2009.12.09 07:01:10.561,7.1503,7.1544,1.60,1.60
2009.12.09 07:01:11.890,7.1501,7.1541,1.60,1.60
2009.12.09 07:01:13.510,7.1495,7.1541,1.00,1.60
2009.12.09 07:01:15.280,7.1495,7.1543,1.00,1.60
2009.12.09 07:01:15.559,7.1496,7.1546,1.60,1.60
2009.12.09 07:01:18.388,7.1498,7.1548,1.60,1.60
2009.12.09 07:01:19.438,7.1496,7.1546,1.60,1.60
2009.12.09 07:01:19.958,7.1495,7.1543,1.00,1.60
2009.12.09 07:01:20.128,7.1496,7.1546,1.60,1.60
2009.12.09 07:01:22.807,7.1495,7.1544,1.00,1.60
2009.12.09 07:01:23.827,7.1495,7.1544,2.00,1.60
2009.12.09 07:01:25.957,7.1498,7.1544,1.00,1.60
2009.12.09 07:01:26.237,7.1499,7.1549,1.60,1.60
2009.12.09 07:01:26.347,7.1502,7.1552,1.60,1.60
2009.12.09 07:01:28.296,7.1499,7.1549,1.60,1.60
2009.12.09 07:01:29.236,7.1497,7.1547,1.60,1.60
2009.12.09 07:01:31.575,7.1499,7.1549,1.60,1.60
2009.12.09 07:01:32.265,7.15,7.155,1.60,1.60
2009.12.09 07:01:33.935,7.1502,7.1552,1.60,1.60
2009.12.09 07:01:34.525,7.15,7.155,1.60,1.60
2009.12.09 07:01:40.453,7.1503,7.1553,1.60,1.60
2009.12.09 07:01:45.792,7.1503,7.15465,1.60,1.60
2009.12.09 07:01:45.912,7.1499,7.1527,1.00,1.60
2009.12.09 07:01:46.082,7.1497,7.1527,1.60,1.60
2009.12.09 07:01:50.861,7.1501,7.1523,1.00,1.60
2009.12.09 07:01:51.421,7.1497,7.1523,1.60,1.60
2009.12.09 07:01:51.711,7.1497,7.1525,2.50,1.60
2009.12.09 07:01:52.680,7.1501,7.1523,1.00,1.60
2009.12.09 07:01:53.770,7.1501,7.1523,1.00,1.70
2009.12.09 07:01:58.569,7.1502,7.1523,1.00,1.60
2009.12.09 07:02:01.138,7.1495,7.152,1.00,1.60
2009.12.09 07:02:01.728,7.1495,7.1517,1.00,1.60
2009.12.09 07:02:03.798,7.1499,7.1519,1.00,1.60
2009.12.09 07:02:04.428,7.1496,7.1516,1.00,1.60
2009.12.09 07:02:06.327,7.1499,7.1519,1.00,1.70
2009.12.09 07:02:07.247,7.1496,7.1516,1.00,1.60
2009.12.09 07:02:10.506,7.1499,7.1519,1.00,1.70
2009.12.09 07:02:16.005,7.1499,7.1519,1.00,1.00
2009.12.09 07:02:19.614,7.15,7.1522,1.00,1.60
2009.12.09 07:02:20.164,7.1504,7.1524,1.00,1.70
2009.12.09 07:02:24.892,7.1504,7.1522,1.00,1.60
2009.12.09 07:02:25.182,7.1504,7.152,1.00,1.60
2009.12.09 07:02:25.523,7.1497,7.1524,1.60,1.60
2009.12.09 07:02:27.942,7.1503,7.1526,1.00,1.60
2009.12.09 07:02:28.792,7.1504,7.1526,1.00,1.60
2009.12.09 07:02:30.501,7.1507,7.1526,1.00,1.60
2009.12.09 07:02:30.941,7.1507,7.1524,1.00,1.60
2009.12.09 07:02:31.331,7.1495,7.1524,1.60,1.60
2009.12.09 07:02:32.331,7.1493,7.15075,1.00,2.40
2009.12.09 07:02:32.671,7.1495,7.1496,1.00,3.20
2009.12.09 07:02:33.011,7.14665,7.1495,1.60,3.20
2009.12.09 07:02:35.250,7.14705,7.14895,1.60,3.20
2009.12.09 07:02:37.379,7.14705,7.1493,1.60,3.20
2009.12.09 07:02:37.730,7.14705,7.1491,1.60,3.20
2009.12.09 07:02:38.089,7.14705,7.1492,1.60,3.20
2009.12.09 07:02:38.430,7.14705,7.1494,1.60,3.20
2009.12.09 07:02:39.129,7.146,7.1515,4.00,3.20
2009.12.09 07:02:39.809,7.14705,7.15145,1.60,3.20
2009.12.09 07:02:40.159,7.14705,7.1511,1.60,3.20
2009.12.09 07:02:40.499,7.14705,7.15115,1.60,3.20
2009.12.09 07:02:41.129,7.14705,7.15015,1.60,3.20
2009.12.09 07:02:41.419,7.14705,7.1501,1.60,3.20
2009.12.09 07:02:41.809,7.14705,7.15025,1.60,3.20
2009.12.09 07:02:42.478,7.14705,7.1502,1.60,3.20
2009.12.09 07:02:42.868,7.14705,7.1505,1.60,3.20
2009.12.09 07:02:43.198,7.14705,7.15325,1.60,1.40
2009.12.09 07:02:43.588,7.1476,7.15325,1.00,1.00
2009.12.09 07:02:44.928,7.1482,7.15345,1.00,1.00
2009.12.09 07:02:47.657,7.1482,7.1531,1.00,1.40
2009.12.09 07:02:47.997,7.1482,7.1531,1.00,1.00
2009.12.09 07:02:48.677,7.14825,7.1533,1.00,1.00
2009.12.09 07:02:49.327,7.14895,7.1533,1.60,1.00
2009.12.09 07:02:49.677,7.14945,7.15345,1.60,1.00
2009.12.09 07:02:53.406,7.14965,7.1531,1.60,1.00
2009.12.09 07:02:53.756,7.14915,7.1533,1.60,1.00
2009.12.09 07:02:54.156,7.14915,7.1531,1.60,1.00
2009.12.09 07:02:57.765,7.14915,7.1533,1.60,1.00
2009.12.09 07:02:58.305,7.14965,7.15345,1.60,1.00
2009.12.09 07:03:02.124,7.1495,7.15225,1.60,1.60
2009.12.09 07:03:03.893,7.14965,7.15215,1.60,1.60
2009.12.09 07:03:04.983,7.15,7.15255,1.60,1.60
2009.12.09 07:03:05.963,7.1502,7.1524,1.00,1.00
2009.12.09 07:03:06.312,7.1478,7.15255,1.00,3.20
2009.12.09 07:03:07.972,7.14525,7.15255,1.00,3.20
2009.12.09 07:03:08.312,7.14775,7.15255,1.00,3.20
2009.12.09 07:03:09.742,7.1482,7.1526,1.00,3.20
2009.12.09 07:03:10.072,7.1482,7.1529,1.00,1.00
2009.12.09 07:03:10.352,7.1482,7.1531,1.00,1.00
2009.12.09 07:03:10.652,7.1482,7.153,1.00,1.00
2009.12.09 07:03:11.002,7.1482,7.1532,1.00,1.00
2009.12.09 07:03:11.661,7.1482,7.1529,1.00,1.00
2009.12.09 07:03:12.411,7.1485,7.1518,1.60,1.60
2009.12.09 07:03:14.191,7.1483,7.1513,1.60,1.60
2009.12.09 07:03:17.660,7.14825,7.1513,1.00,1.60
2009.12.09 07:03:18.660,7.1482,7.1513,2.00,1.60
2009.12.09 07:03:22.689,7.1482,7.1513,1.60,1.60
2009.12.09 07:03:23.898,7.1482,7.1513,2.00,1.60
2009.12.09 07:03:25.908,7.1483,7.1513,1.60,1.60
2009.12.09 07:03:28.437,7.1485,7.1515,1.60,1.60
2009.12.09 07:03:30.658,7.1487,7.1518,1.60,1.60
2009.12.09 07:03:30.997,7.1487,7.1518,3.20,1.60
2009.12.09 07:03:31.346,7.1487,7.1518,1.60,1.60
2009.12.09 07:03:33.786,7.1487,7.1517,1.60,1.60
2009.12.09 07:03:41.014,7.1484,7.1515,1.60,1.60
2009.12.09 07:03:48.923,7.1485,7.1516,1.60,1.60
2009.12.09 07:03:52.292,7.14825,7.1511,2.50,1.60
2009.12.09 07:03:52.672,7.1485,7.1516,1.60,1.60
2009.12.09 07:03:54.021,7.1483,7.1513,1.60,1.60
2009.12.09 07:03:54.361,7.1485,7.1516,1.60,1.60
2009.12.09 07:03:56.481,7.1483,7.1513,1.60,1.60
2009.12.09 07:03:56.710,7.1483,7.1513,2.50,1.60
2009.12.09 07:03:56.990,7.1485,7.1516,1.60,1.60
2009.12.09 07:03:58.150,7.1485,7.1515,1.60,1.60
2009.12.09 07:04:00.640,7.1484,7.1514,1.60,1.60
2009.12.09 07:04:01.040,7.1487,7.1514,1.60,1.60
2009.12.09 07:04:01.379,7.1484,7.1514,1.60,1.60
2009.12.09 07:04:02.919,7.1486,7.1517,1.60,1.60
2009.12.09 07:04:03.219,7.1484,7.1514,2.50,1.60
2009.12.09 07:04:06.418,7.1484,7.1514,1.00,1.60
2009.12.09 07:04:07.968,7.1484,7.1514,2.50,1.60
2009.12.09 07:04:08.318,7.1486,7.1517,1.60,1.60
2009.12.09 07:04:08.658,7.1486,7.1516,1.60,1.60
2009.12.09 07:04:12.107,7.1487,7.1517,1.60,1.60
2009.12.09 07:04:14.917,7.1484,7.1515,2.50,1.60
2009.12.09 07:04:15.196,7.1487,7.1517,1.60,1.60
2009.12.09 07:04:17.126,7.1484,7.1515,2.50,1.60
2009.12.09 07:04:17.405,7.1487,7.1517,1.60,1.60
2009.12.09 07:04:17.985,7.1487,7.1517,3.20,1.60
2009.12.09 07:04:18.386,7.14875,7.1517,1.00,1.60
2009.12.09 07:04:18.735,7.1489,7.152,1.60,1.60
2009.12.09 07:04:21.834,7.14915,7.152,1.00,1.60
2009.12.09 07:04:22.055,7.1498,7.153,3.20,1.00
2009.12.09 07:04:22.234,7.14985,7.1562,3.20,1.00
2009.12.09 07:04:22.994,7.14995,7.1565,3.20,1.00
2009.12.09 07:04:23.724,7.15015,7.1563,3.20,1.00
2009.12.09 07:04:24.064,7.15035,7.1563,3.20,1.00
2009.12.09 07:04:24.774,7.15035,7.1561,3.20,1.00
2009.12.09 07:04:25.054,7.15025,7.1559,3.20,1.00
2009.12.09 07:04:25.274,7.14995,7.1559,3.20,1.00
2009.12.09 07:04:25.554,7.1499,7.1559,3.20,1.00
2009.12.09 07:04:26.753,7.14995,7.1559,3.20,1.00
2009.12.09 07:04:27.973,7.14985,7.1559,3.20,1.00
2009.12.09 07:04:28.273,7.14985,7.1556,3.20,1.00
2009.12.09 07:04:29.273,7.1498,7.1556,3.20,1.00
2009.12.09 07:04:29.593,7.1498,7.1554,3.20,1.00
2009.12.09 07:04:29.943,7.1496,7.1554,3.20,1.00
2009.12.09 07:04:33.952,7.1496,7.1551,3.20,1.00
2009.12.09 07:04:34.361,7.1496,7.1553,3.20,1.00
2009.12.09 07:04:34.931,7.1496,7.15515,3.20,1.00
2009.12.09 07:04:36.151,7.1495,7.15515,3.20,1.00
2009.12.09 07:04:37.611,7.14945,7.15515,3.20,1.00
2009.12.09 07:04:39.020,7.1495,7.1553,3.20,1.00
2009.12.09 07:04:40.230,7.1493,7.1553,3.20,1.00
2009.12.09 07:04:40.750,7.14955,7.1553,3.20,1.00
2009.12.09 07:04:44.159,7.1485,7.1546,1.60,1.60
2009.12.09 07:04:44.669,7.1483,7.1543,1.60,1.60
2009.12.09 07:04:46.658,7.1485,7.1533,1.60,1.60
2009.12.09 07:04:49.898,7.1483,7.1529,1.00,1.60
2009.12.09 07:04:50.368,7.1485,7.1531,1.60,1.60
2009.12.09 07:04:54.816,7.1483,7.1529,1.00,1.60
2009.12.09 07:04:55.776,7.1485,7.1531,1.60,1.60
2009.12.09 07:04:57.266,7.1483,7.1529,1.00,1.60
2009.12.09 07:04:58.136,7.1485,7.1531,1.60,1.60
2009.12.09 07:05:02.115,7.1483,7.1531,1.00,1.60
2009.12.09 07:05:02.804,7.1483,7.1526,1.00,1.60
2009.12.09 07:05:04.994,7.1483,7.1525,1.00,1.60
2009.12.09 07:05:05.334,7.1483,7.1523,1.00,1.60
2009.12.09 07:05:05.894,7.1483,7.1521,1.00,1.60
2009.12.09 07:05:06.174,7.1483,7.1525,1.00,1.60
2009.12.09 07:05:06.454,7.1476,7.1525,1.60,1.60
2009.12.09 07:05:07.034,7.1483,7.1525,1.00,1.60
2009.12.09 07:05:15.781,7.1483,7.1523,1.00,1.60
2009.12.09 07:05:16.751,7.1483,7.152,1.00,1.60
2009.12.09 07:05:18.771,7.1483,7.1523,1.00,1.60
2009.12.09 07:05:22.570,7.1471,7.1523,1.60,1.60
2009.12.09 07:05:22.900,7.1481,7.1523,1.00,1.60
2009.12.09 07:05:25.579,7.1483,7.1525,1.00,1.60
2009.12.09 07:05:30.678,7.1483,7.153,1.00,1.60
2009.12.09 07:05:31.038,7.1483,7.1525,1.00,1.60
2009.12.09 07:05:31.748,7.1483,7.153,1.00,1.60
2009.12.09 07:05:32.098,7.1483,7.1525,1.00,1.60
2009.12.09 07:05:33.067,7.1483,7.1528,1.00,1.60
2009.12.09 07:05:36.997,7.1478,7.1528,1.60,1.60
2009.12.09 07:05:38.016,7.1483,7.153,1.00,1.60
2009.12.09 07:05:38.246,7.1483,7.1533,2.00,1.60
2009.12.09 07:05:38.756,7.1483,7.153,1.00,1.60
2009.12.09 07:05:38.986,7.1483,7.1532,1.00,1.60
2009.12.09 07:05:40.875,7.1485,7.1535,1.60,1.60
2009.12.09 07:05:41.156,7.1483,7.1532,1.00,1.60
2009.12.09 07:05:48.574,7.1483,7.1529,1.00,1.60
2009.12.09 07:05:49.913,7.1483,7.1532,1.00,1.60
2009.12.09 07:05:50.143,7.1483,7.1529,1.00,1.60
2009.12.09 07:05:54.322,7.1483,7.1528,1.00,1.60
2009.12.09 07:05:58.712,7.1483,7.1531,1.00,1.60
2009.12.09 07:06:01.031,7.1483,7.153,1.00,1.60
2009.12.09 07:06:01.331,7.1483,7.152,1.00,1.60
2009.12.09 07:06:02.360,7.1483,7.1521,1.00,1.60
2009.12.09 07:06:04.670,7.1483,7.1525,1.00,1.60
2009.12.09 07:06:05.929,7.14765,7.1525,1.00,1.60
2009.12.09 07:06:06.319,7.1483,7.1518,1.00,1.60
2009.12.09 07:06:06.669,7.1483,7.1513,1.00,1.60
2009.12.09 07:06:07.369,7.1483,7.1514,1.00,1.60
2009.12.09 07:06:08.069,7.1483,7.1516,1.00,1.60
2009.12.09 07:06:12.708,7.1483,7.1514,1.00,1.60
2009.12.09 07:06:14.067,7.1483,7.1511,1.00,1.60
2009.12.09 07:06:16.317,7.1453,7.1479,2.50,1.60
2009.12.09 07:06:17.017,7.14505,7.1477,1.60,1.60
2009.12.09 07:06:18.437,7.1449,7.1465,2.40,1.60
2009.12.09 07:06:18.727,7.1443,7.1465,2.40,1.60
2009.12.09 07:06:18.956,7.144,7.146,1.60,1.60
2009.12.09 07:06:19.186,7.1441,7.1463,1.00,1.60
2009.12.09 07:06:19.586,7.14425,7.1461,1.60,1.60
2009.12.09 07:06:20.906,7.1447,7.1462,1.00,1.60
2009.12.09 07:06:25.605,7.1447,7.1464,1.00,1.70
2009.12.09 07:06:25.885,7.1447,7.1464,1.00,1.60
2009.12.09 07:06:26.904,7.14475,7.1464,1.60,1.60
2009.12.09 07:06:27.244,7.14495,7.1465,1.60,1.60
2009.12.09 07:06:27.584,7.1447,7.147,1.00,1.60
2009.12.09 07:06:28.974,7.14495,7.147,1.60,1.60
2009.12.09 07:06:29.374,7.1451,7.147,1.00,1.60
2009.12.09 07:06:30.854,7.145,7.1467,1.00,1.60
2009.12.09 07:06:31.083,7.1455,7.1475,1.00,1.80
2009.12.09 07:06:31.483,7.1455,7.1467,1.00,1.60
2009.12.09 07:06:31.873,7.1459,7.1469,1.00,1.60
2009.12.09 07:06:32.223,7.1459,7.1471,1.00,1.60
2009.12.09 07:06:32.563,7.1459,7.1477,1.00,1.60
2009.12.09 07:06:34.003,7.1455,7.1472,1.00,1.60
2009.12.09 07:06:34.353,7.1455,7.1474,1.00,1.60
2009.12.09 07:06:37.052,7.1455,7.1475,1.00,1.60
2009.12.09 07:06:37.862,7.1455,7.1475,1.00,1.70
2009.12.09 07:06:38.092,7.1455,7.1472,1.00,1.60
2009.12.09 07:06:41.771,7.1455,7.1475,1.00,1.70
2009.12.09 07:06:42.001,7.1457,7.1475,1.60,1.00
2009.12.09 07:06:42.221,7.146,7.1478,1.00,1.60
2009.12.09 07:06:42.502,7.1461,7.1478,1.00,1.60
2009.12.09 07:06:42.721,7.1465,7.1478,1.00,1.60
2009.12.09 07:06:43.061,7.1462,7.148,1.60,1.60
2009.12.09 07:06:43.410,7.1465,7.1483,1.00,1.60
2009.12.09 07:06:43.800,7.1462,7.1485,1.00,1.60
2009.12.09 07:06:44.130,7.1466,7.1485,1.00,1.60
2009.12.09 07:06:52.068,7.147,7.1487,1.00,1.60
2009.12.09 07:06:53.718,7.1467,7.1487,1.60,1.60
2009.12.09 07:06:54.048,7.1466,7.1489,1.00,1.80
2009.12.09 07:06:54.688,7.1462,7.1485,1.00,1.60
2009.12.09 07:06:55.897,7.14595,7.14845,2.50,1.60
2009.12.09 07:06:56.227,7.14595,7.148,2.50,1.60
2009.12.09 07:06:56.617,7.1461,7.1485,1.00,1.60
2009.12.09 07:06:57.307,7.1465,7.1485,1.00,1.70
2009.12.09 07:06:57.707,7.1466,7.1483,1.00,1.60
2009.12.09 07:06:58.047,7.1466,7.1485,1.00,1.60
2009.12.09 07:06:59.487,7.1465,7.1485,1.00,1.70
2009.12.09 07:06:59.847,7.1465,7.1483,1.00,1.60
2009.12.09 07:07:06.825,7.1465,7.1483,1.00,1.60
2009.12.09 07:07:06.885,7.1465,7.1483,1.00,1.60
2009.12.09 07:07:06.995,7.1465,7.1478,1.00,1.60
2009.12.09 07:07:07.395,7.1462,7.1483,1.60,1.60
2009.12.09 07:07:08.025,7.1465,7.1483,1.00,1.60
2009.12.09 07:07:09.164,7.1465,7.1485,1.00,1.70
2009.12.09 07:07:09.564,7.1465,7.1483,1.00,1.60
2009.12.09 07:07:17.282,7.1466,7.1483,1.00,1.60
2009.12.09 07:07:17.612,7.1466,7.1485,1.00,1.60
2009.12.09 07:07:17.952,7.1466,7.1487,1.00,1.60
2009.12.09 07:07:18.252,7.147,7.1487,1.00,1.60
2009.12.09 07:07:20.621,7.1466,7.1485,1.00,1.60
2009.12.09 07:07:33.958,7.1459,7.1475,2.40,1.60
2009.12.09 07:07:34.309,7.1457,7.1475,1.00,1.60
2009.12.09 07:07:45.645,7.1442,7.1473,1.00,1.60
2009.12.09 07:07:46.455,7.1455,7.1473,1.00,1.60
2009.12.09 07:07:50.504,7.1457,7.1478,1.00,1.60
2009.12.09 07:07:53.354,7.1457,7.1476,1.00,1.60
2009.12.09 07:07:53.524,7.1457,7.1478,1.00,1.60
2009.12.09 07:07:55.473,7.1459,7.1478,1.60,1.60
2009.12.09 07:07:55.813,7.1459,7.1485,1.60,1.60
2009.12.09 07:07:57.442,7.1459,7.1483,1.60,1.60
2009.12.09 07:07:57.792,7.1459,7.1485,1.60,1.60
2009.12.09 07:07:58.752,7.1464,7.149,1.60,1.60
2009.12.09 07:07:59.032,7.1466,7.149,1.00,1.70
2009.12.09 07:07:59.422,7.1464,7.149,1.60,1.60
2009.12.09 07:07:59.752,7.1464,7.1488,1.60,1.60
2009.12.09 07:08:00.142,7.1464,7.149,1.60,1.60
2009.12.09 07:08:02.951,7.1471,7.149,1.00,1.60
2009.12.09 07:08:03.171,7.1462,7.149,2.40,1.60
2009.12.09 07:08:03.341,7.1462,7.149,1.60,1.60
2009.12.09 07:08:08.570,7.1468,7.149,1.00,1.80
2009.12.09 07:08:13.689,7.1468,7.1485,1.00,1.60
2009.12.09 07:08:13.859,7.1458,7.1485,1.00,1.60
2009.12.09 07:08:14.089,7.1462,7.1483,1.00,1.60
2009.12.09 07:08:15.918,7.1464,7.148,1.00,1.60
2009.12.09 07:08:16.188,7.146,7.148,1.00,1.60
2009.12.09 07:08:17.108,7.1461,7.1497,1.60,2.40
2009.12.09 07:08:17.508,7.1461,7.1524,1.60,1.60
2009.12.09 07:08:17.808,7.146,7.1522,1.00,1.60
2009.12.09 07:08:18.508,7.146,7.1519,1.00,1.60
2009.12.09 07:08:18.867,7.146,7.1518,1.00,1.60
2009.12.09 07:08:19.547,7.146,7.1518,1.20,1.60
2009.12.09 07:08:20.058,7.146,7.1518,1.00,1.60
2009.12.09 07:08:22.316,7.146,7.1518,1.20,1.60
2009.12.09 07:08:22.657,7.1461,7.152,1.60,1.60
2009.12.09 07:08:23.007,7.1463,7.1523,1.60,1.60
2009.12.09 07:08:34.323,7.14635,7.1523,1.00,1.60
2009.12.09 07:08:34.904,7.1463,7.1523,1.60,1.60
2009.12.09 07:08:40.662,7.14635,7.1523,1.00,1.60
2009.12.09 07:08:42.872,7.1461,7.152,2.40,1.60
2009.12.09 07:08:43.571,7.14635,7.152,1.00,1.60
2009.12.09 07:08:43.921,7.1461,7.152,2.40,1.60
2009.12.09 07:08:44.251,7.146,7.152,1.00,1.60
2009.12.09 07:08:45.751,7.146,7.1515,1.00,1.60
2009.12.09 07:08:50.370,7.146,7.1518,1.00,1.60
2009.12.09 07:08:55.569,7.1461,7.1518,1.00,1.60
2009.12.09 07:08:55.789,7.1461,7.152,2.40,1.60
2009.12.09 07:08:56.088,7.14635,7.152,1.00,1.60
2009.12.09 07:08:56.359,7.14635,7.1523,1.00,1.60
2009.12.09 07:08:58.428,7.1466,7.1525,2.40,1.60
2009.12.09 07:08:58.998,7.14635,7.1523,1.00,1.60
2009.12.09 07:09:06.746,7.1466,7.1525,2.40,1.60
2009.12.09 07:09:07.146,7.14635,7.1523,1.00,1.60
2009.12.09 07:09:12.864,7.14665,7.1523,1.00,1.60
2009.12.09 07:09:14.314,7.1469,7.1523,1.00,1.60
2009.12.09 07:09:14.664,7.14715,7.1525,1.00,1.60
2009.12.09 07:09:15.024,7.14715,7.1528,1.00,1.60
2009.12.09 07:09:19.533,7.1472,7.1528,1.00,1.60
2009.12.09 07:09:22.232,7.1474,7.153,1.00,1.60
2009.12.09 07:09:27.291,7.14735,7.153,1.00,1.60
2009.12.09 07:09:28.561,7.14715,7.1528,1.00,1.60
2009.12.09 07:09:32.290,7.1472,7.1528,1.00,1.60
2009.12.09 07:09:33.140,7.1471,7.1528,1.00,1.60
2009.12.09 07:09:42.157,7.14705,7.1528,1.00,1.60
2009.12.09 07:09:42.707,7.1468,7.1528,2.40,1.60
2009.12.09 07:09:43.117,7.14645,7.1523,1.00,1.60
2009.12.09 07:09:43.347,7.1467,7.1523,1.00,1.60
2009.12.09 07:09:43.587,7.1467,7.1525,1.00,1.60
2009.12.09 07:09:45.946,7.1466,7.1525,1.60,1.60
2009.12.09 07:09:46.426,7.1467,7.1525,1.00,1.60
2009.12.09 07:09:48.856,7.14665,7.1525,1.00,1.60
2009.12.09 07:09:50.155,7.1467,7.1525,1.00,1.60
2009.12.09 07:09:52.375,7.14665,7.1525,1.00,1.60
2009.12.09 07:09:53.495,7.1469,7.1525,1.00,1.60
2009.12.09 07:09:53.784,7.1469,7.1528,1.00,1.60
2009.12.09 07:09:54.074,7.14715,7.153,1.00,1.60
2009.12.09 07:09:55.014,7.1472,7.153,1.00,1.60
2009.12.09 07:09:59.893,7.14745,7.1532,1.00,1.60
2009.12.09 07:10:03.812,7.1477,7.1532,1.00,1.60
2009.12.09 07:10:04.222,7.1475,7.1535,1.60,1.60
2009.12.09 07:10:04.392,7.14745,7.1532,1.00,1.60
2009.12.09 07:10:06.591,7.1473,7.1532,2.40,1.60
2009.12.09 07:10:06.822,7.14795,7.1537,1.00,1.60
2009.12.09 07:10:12.470,7.148,7.1537,1.00,1.60
2009.12.09 07:10:14.030,7.14795,7.1537,1.00,1.60
2009.12.09 07:10:14.420,7.14795,7.15355,1.00,1.60
2009.12.09 07:10:15.829,7.14785,7.15345,1.00,1.60
2009.12.09 07:10:17.639,7.1477,7.15345,1.60,1.60
2009.12.09 07:10:17.929,7.1471,7.1529,3.20,1.60
2009.12.09 07:10:18.219,7.14705,7.1527,3.20,1.60
2009.12.09 07:10:18.769,7.147,7.1524,1.00,1.60
2009.12.09 07:10:19.149,7.147,7.15255,1.00,1.60
2009.12.09 07:10:19.498,7.147,7.15255,2.40,1.60
2009.12.09 07:10:20.819,7.14685,7.15245,1.00,1.60
2009.12.09 07:10:21.098,7.1471,7.15255,1.00,1.60
2009.12.09 07:10:21.978,7.1471,7.15245,1.00,1.60
2009.12.09 07:10:22.308,7.1471,7.15265,1.00,1.60
2009.12.09 07:10:23.297,7.1471,7.15255,1.00,1.60
2009.12.09 07:10:28.646,7.1471,7.153,1.00,1.60
2009.12.09 07:10:31.825,7.1473,7.153,1.00,1.60
2009.12.09 07:10:32.115,7.1471,7.153,1.00,1.60
2009.12.09 07:10:33.495,7.14685,7.1527,1.00,1.60
2009.12.09 07:10:34.015,7.14685,7.1527,4.00,1.60
2009.12.09 07:10:36.904,7.14685,7.1527,3.20,1.60
2009.12.09 07:10:37.944,7.1468,7.1527,4.80,1.60
2009.12.09 07:10:38.224,7.14705,7.1527,1.00,1.60
2009.12.09 07:10:42.823,7.1472,7.153,1.00,1.60
2009.12.09 07:10:46.062,7.14715,7.153,1.00,1.60
2009.12.09 07:10:52.620,7.147,7.153,1.60,1.60
2009.12.09 07:10:52.960,7.14695,7.1527,1.00,1.60
2009.12.09 07:10:55.330,7.1469,7.1527,1.00,1.60
2009.12.09 07:10:56.679,7.14685,7.1527,1.00,1.60
2009.12.09 07:11:00.798,7.1468,7.1527,1.60,1.60
2009.12.09 07:11:00.909,7.1465,7.1522,3.20,1.60
2009.12.09 07:11:01.029,7.1464,7.1522,1.00,1.60
2009.12.09 07:11:01.698,7.1464,7.152,1.00,1.60
2009.12.09 07:11:02.049,7.1464,7.1522,1.00,1.60
2009.12.09 07:11:07.207,7.1464,7.1517,1.00,1.60
2009.12.09 07:11:09.606,7.1457,7.1517,1.60,1.60
2009.12.09 07:11:09.946,7.1452,7.1512,1.60,1.60
2009.12.09 07:11:10.246,7.1451,7.151,3.20,1.60
2009.12.09 07:11:10.876,7.145,7.151,1.60,1.60
2009.12.09 07:11:12.546,7.1451,7.151,1.00,1.60
2009.12.09 07:11:12.726,7.1452,7.1512,1.60,1.60
2009.12.09 07:11:14.565,7.14505,7.151,3.20,1.60
2009.12.09 07:11:14.795,7.145,7.151,1.60,1.60
2009.12.09 07:11:15.035,7.1449,7.1508,1.60,1.60
2009.12.09 07:11:15.725,7.1451,7.1511,1.60,1.60
2009.12.09 07:11:16.785,7.1449,7.1508,1.60,1.60
2009.12.09 07:11:17.775,7.1447,7.1503,1.00,1.60
2009.12.09 07:11:26.252,7.1447,7.1503,1.20,1.60
2009.12.09 07:11:26.762,7.14495,7.1508,1.00,1.60
2009.12.09 07:11:27.742,7.1451,7.1511,1.60,1.60
2009.12.09 07:11:29.481,7.1453,7.1513,1.60,1.60
2009.12.09 07:11:31.781,7.14545,7.1513,1.00,1.60
2009.12.09 07:11:32.351,7.1456,7.1515,1.60,1.60
2009.12.09 07:11:33.321,7.14545,7.1515,1.00,1.60
2009.12.09 07:11:33.620,7.1456,7.1515,1.60,1.60
2009.12.09 07:11:35.460,7.1458,7.1518,1.60,1.60
2009.12.09 07:11:36.800,7.1456,7.1515,1.60,1.60
2009.12.09 07:11:37.190,7.14545,7.1513,1.00,1.60
2009.12.09 07:11:37.649,7.1456,7.1515,1.60,1.60
2009.12.09 07:11:38.339,7.1457,7.1515,1.00,1.60
2009.12.09 07:11:38.679,7.1457,7.1513,1.00,1.60
2009.12.09 07:11:38.969,7.1457,7.152,1.00,1.60
2009.12.09 07:11:39.699,7.14575,7.152,1.00,1.60
2009.12.09 07:11:40.799,7.1456,7.152,1.60,1.60
2009.12.09 07:11:41.019,7.1456,7.1515,1.60,1.60
2009.12.09 07:11:41.198,7.1453,7.1515,1.00,1.60
2009.12.09 07:11:41.888,7.14525,7.1515,1.00,1.60
2009.12.09 07:11:43.408,7.1451,7.1515,1.60,1.60
2009.12.09 07:11:43.819,7.1451,7.1511,1.60,1.60
2009.12.09 07:11:49.497,7.14505,7.1508,1.00,1.60
2009.12.09 07:11:49.727,7.1449,7.1508,2.00,1.60
2009.12.09 07:11:51.706,7.1451,7.1511,1.60,1.60
2009.12.09 07:11:51.996,7.1454,7.1513,1.00,1.60
2009.12.09 07:11:52.546,7.1456,7.1515,1.60,1.60
2009.12.09 07:11:54.505,7.1451,7.1511,1.60,1.60
2009.12.09 07:11:57.655,7.1449,7.1508,2.00,1.60
2009.12.09 07:12:02.133,7.14495,7.1508,1.00,1.60
2009.12.09 07:12:02.434,7.1451,7.1511,1.60,1.60
2009.12.09 07:12:02.723,7.1453,7.1513,1.60,1.60
2009.12.09 07:12:03.473,7.1449,7.1508,2.00,1.60
2009.12.09 07:12:04.163,7.1451,7.1511,1.60,1.60
2009.12.09 07:12:08.852,7.1449,7.151,1.00,1.60
2009.12.09 07:12:12.361,7.1449,7.1506,1.00,1.60
2009.12.09 07:12:13.451,7.1446,7.1506,1.60,1.60
2009.12.09 07:12:14.090,7.1449,7.1506,1.00,1.60
2009.12.09 07:12:17.940,7.1449,7.15,1.00,1.60
2009.12.09 07:12:18.510,7.1442,7.1503,1.00,1.60
2009.12.09 07:12:18.859,7.1441,7.1508,1.60,1.60
2009.12.09 07:12:19.200,7.1441,7.1501,1.60,1.60
2009.12.09 07:12:19.600,7.1439,7.1498,1.60,1.60
2009.12.09 07:12:21.599,7.1439,7.1499,1.60,1.60
2009.12.09 07:12:24.468,7.1437,7.1496,1.60,1.60
2009.12.09 07:12:24.748,7.1439,7.1499,1.60,1.60
2009.12.09 07:12:25.078,7.1437,7.1496,1.60,1.60
2009.12.09 07:12:26.828,7.1435,7.1494,2.40,1.60
2009.12.09 07:12:27.408,7.14395,7.1508,3.20,1.60
2009.12.09 07:12:27.688,7.1439,7.1508,3.20,1.60
2009.12.09 07:12:27.987,7.1438,7.1508,3.20,1.60
2009.12.09 07:12:28.337,7.14385,7.1508,3.20,1.60
2009.12.09 07:12:28.677,7.14375,7.1504,3.20,1.60
2009.12.09 07:12:29.037,7.14375,7.1506,3.20,1.60
2009.12.09 07:12:29.367,7.14385,7.1506,3.20,1.60
2009.12.09 07:12:30.737,7.1439,7.1508,1.60,1.60
2009.12.09 07:12:31.597,7.14385,7.1506,3.20,1.60
2009.12.09 07:12:31.947,7.14395,7.1506,3.20,1.60
2009.12.09 07:12:32.287,7.14405,7.1506,3.20,1.60
2009.12.09 07:12:32.636,7.14375,7.1504,3.20,1.60
2009.12.09 07:12:33.656,7.1437,7.1504,3.20,1.60
2009.12.09 07:12:34.046,7.14375,7.1504,3.20,1.60
2009.12.09 07:12:35.056,7.1437,7.1504,3.20,1.60
2009.12.09 07:12:35.706,7.14345,7.1504,3.20,1.60
2009.12.09 07:12:35.876,7.1435,7.1504,3.20,1.60
2009.12.09 07:12:36.045,7.14345,7.1504,3.20,1.60
2009.12.09 07:12:36.385,7.1434,7.1504,4.80,1.60
2009.12.09 07:12:36.725,7.1434,7.1504,5.60,1.60
2009.12.09 07:12:38.625,7.1435,7.1504,3.20,1.60
2009.12.09 07:12:39.884,7.1434,7.1504,5.60,1.60
2009.12.09 07:12:41.454,7.1434,7.14995,4.80,1.00
2009.12.09 07:12:41.684,7.1434,7.1481,1.60,1.60
2009.12.09 07:12:43.794,7.1429,7.1472,1.60,1.60
2009.12.09 07:12:44.473,7.1429,7.1472,2.50,1.60
2009.12.09 07:12:45.503,7.1431,7.1475,1.60,1.60
2009.12.09 07:12:48.023,7.14325,7.1475,1.00,1.60
2009.12.09 07:12:48.373,7.1434,7.1477,1.60,1.60
2009.12.09 07:12:48.723,7.1428,7.147,3.70,1.60
2009.12.09 07:12:49.162,7.1428,7.147,1.30,1.60
2009.12.09 07:12:49.442,7.1434,7.1477,1.60,1.60
2009.12.09 07:12:50.122,7.1429,7.1472,1.60,1.60
2009.12.09 07:12:50.482,7.1428,7.147,1.00,1.60
2009.12.09 07:12:54.611,7.1428,7.1467,1.00,1.60
2009.12.09 07:12:59.320,7.1424,7.1467,1.60,1.60
2009.12.09 07:13:00.349,7.1428,7.1467,1.00,1.60
2009.12.09 07:13:03.209,7.1429,7.1472,1.60,1.60
2009.12.09 07:13:03.439,7.1428,7.147,1.00,1.60
2009.12.09 07:13:03.799,7.1428,7.1467,1.00,1.60
2009.12.09 07:13:05.939,7.1429,7.1472,1.60,1.60
2009.12.09 07:13:08.547,7.1431,7.1475,1.60,1.60
2009.12.09 07:13:09.867,7.1434,7.1477,1.60,1.60
2009.12.09 07:13:10.857,7.1431,7.1475,1.60,1.60
2009.12.09 07:13:25.924,7.1429,7.1472,1.60,1.60
2009.12.09 07:13:25.974,7.1429,7.1472,2.50,1.60
2009.12.09 07:13:35.281,7.1428,7.147,1.00,1.60
2009.12.09 07:13:37.811,7.14275,7.1467,1.00,1.60
2009.12.09 07:13:40.570,7.1428,7.1465,1.00,1.60
2009.12.09 07:13:42.149,7.1428,7.1449,1.00,1.60
2009.12.09 07:13:43.529,7.1428,7.1447,1.00,1.60
2009.12.09 07:13:45.011,7.1418,7.1447,2.50,1.60
2009.12.09 07:13:45.359,7.1426,7.1447,1.00,1.60
2009.12.09 07:13:52.757,7.1428,7.1445,1.00,1.60
2009.12.09 07:13:53.447,7.1428,7.1442,1.00,1.60
2009.12.09 07:13:53.737,7.1428,7.1445,1.00,1.60
2009.12.09 07:13:54.127,7.1428,7.1442,1.00,1.60
2009.12.09 07:13:56.966,7.1407,7.1437,1.00,1.60
2009.12.09 07:13:57.596,7.1408,7.1437,1.00,1.60
2009.12.09 07:13:59.085,7.1409,7.1435,1.00,1.60
2009.12.09 07:14:01.465,7.1409,7.1433,1.00,1.60
2009.12.09 07:14:04.124,7.1409,7.1435,1.30,1.60
2009.12.09 07:14:05.044,7.1409,7.1433,1.00,1.60
2009.12.09 07:14:05.384,7.1409,7.1435,1.30,1.60
2009.12.09 07:14:05.954,7.1409,7.1435,1.00,1.60
2009.12.09 07:14:06.304,7.1409,7.1433,1.00,1.60
2009.12.09 07:14:07.004,7.1411,7.1437,1.00,1.60
2009.12.09 07:14:09.193,7.1417,7.1461,1.60,2.40
2009.12.09 07:14:09.433,7.1417,7.1464,1.60,1.60
2009.12.09 07:14:11.913,7.1419,7.1462,1.60,1.60
2009.12.09 07:14:14.312,7.1422,7.1472,1.60,1.60
2009.12.09 07:14:17.311,7.1417,7.1462,1.60,1.60
2009.12.09 07:14:17.641,7.1417,7.1467,1.60,1.60
2009.12.09 07:14:20.150,7.1417,7.146,1.60,1.60
2009.12.09 07:14:20.830,7.1419,7.1462,1.60,1.60
2009.12.09 07:14:26.209,7.1417,7.146,1.60,1.60
2009.12.09 07:14:26.319,7.1414,7.1458,1.60,1.60
2009.12.09 07:14:26.489,7.1417,7.146,1.60,1.60
2009.12.09 07:14:27.478,7.1414,7.1458,1.60,1.60
2009.12.09 07:14:37.656,7.1413,7.1455,1.00,1.60
2009.12.09 07:14:37.876,7.1413,7.1453,1.00,1.60
2009.12.09 07:14:38.106,7.1413,7.1455,1.00,1.60
2009.12.09 07:14:39.796,7.1413,7.145,1.00,1.60
2009.12.09 07:14:40.695,7.1413,7.1448,1.00,1.60
2009.12.09 07:14:41.735,7.1413,7.1445,1.00,1.60
2009.12.09 07:14:42.085,7.1413,7.1443,1.00,1.60
2009.12.09 07:14:42.785,7.1413,7.1445,1.00,1.60
2009.12.09 07:14:44.075,7.1413,7.1438,1.00,1.60
2009.12.09 07:14:45.344,7.1388,7.1448,1.60,2.50
2009.12.09 07:14:46.914,7.139,7.1433,1.60,1.60
2009.12.09 07:14:47.314,7.1392,7.1436,1.60,1.60
2009.12.09 07:14:49.024,7.13915,7.1433,1.00,1.60
2009.12.09 07:14:49.593,7.1395,7.1438,1.60,1.60
2009.12.09 07:14:49.763,7.1397,7.1441,1.60,1.60
2009.12.09 07:14:55.912,7.1395,7.1438,1.60,1.60
2009.12.09 07:14:57.451,7.1392,7.1436,1.60,1.60
2009.12.09 07:14:57.732,7.139,7.1433,1.60,1.60
2009.12.09 07:15:00.301,7.1387,7.1431,1.60,1.60
2009.12.09 07:15:02.210,7.139,7.1433,1.60,1.60
2009.12.09 07:15:02.830,7.1392,7.1436,1.60,1.60
2009.12.09 07:15:03.450,7.139,7.1433,1.60,1.60
2009.12.09 07:15:03.860,7.1387,7.1431,1.60,1.60
2009.12.09 07:15:04.550,7.1385,7.1428,1.60,1.60
2009.12.09 07:15:06.499,7.1383,7.1426,1.60,1.60
2009.12.09 07:15:07.659,7.1386,7.1426,1.60,1.60
2009.12.09 07:15:07.939,7.1383,7.1426,1.60,1.60
2009.12.09 07:15:08.229,7.1383,7.1431,1.60,1.60
2009.12.09 07:15:08.719,7.1387,7.1431,1.60,1.60
2009.12.09 07:15:09.479,7.1383,7.1431,1.60,1.60
2009.12.09 07:15:09.828,7.1387,7.1431,1.60,1.60
2009.12.09 07:15:10.518,7.1385,7.1428,1.60,1.60
2009.12.09 07:15:10.858,7.1387,7.1431,1.60,1.60
2009.12.09 07:15:11.308,7.1383,7.1426,2.50,1.60
2009.12.09 07:15:11.538,7.1387,7.1431,1.60,1.60
2009.12.09 07:15:13.847,7.1385,7.1428,1.60,1.60
2009.12.09 07:15:17.297,7.1385,7.1417,2.50,1.60
2009.12.09 07:15:18.037,7.1387,7.142,1.60,1.60
2009.12.09 07:15:18.257,7.1392,7.1424,1.60,1.60
2009.12.09 07:15:20.506,7.1392,7.1427,1.60,1.60
2009.12.09 07:15:22.695,7.1397,7.1427,1.60,1.60
2009.12.09 07:15:23.795,7.1392,7.1422,1.60,1.60
2009.12.09 07:15:25.595,7.139,7.142,1.60,1.60
2009.12.09 07:15:25.875,7.1387,7.1418,1.60,1.60
2009.12.09 07:15:29.234,7.139,7.142,1.60,1.60
2009.12.09 07:15:31.423,7.1387,7.1418,1.60,1.60
2009.12.09 07:15:32.053,7.139,7.142,1.60,1.60
2009.12.09 07:15:43.580,7.1388,7.1417,1.00,1.60
2009.12.09 07:15:43.860,7.1391,7.1417,1.60,1.60
2009.12.09 07:15:44.551,7.1391,7.1419,1.60,1.60
2009.12.09 07:15:44.890,7.1389,7.1419,1.60,1.60
2009.12.09 07:15:49.129,7.1391,7.1421,3.20,1.60
2009.12.09 07:15:49.359,7.1393,7.1424,1.60,1.60
2009.12.09 07:15:49.639,7.1393,7.1424,2.50,1.60
2009.12.09 07:15:52.108,7.1397,7.1426,1.00,1.60
2009.12.09 07:15:52.218,7.1396,7.1426,1.60,1.60
2009.12.09 07:15:52.558,7.1393,7.1424,2.50,1.60
2009.12.09 07:15:56.157,7.1394,7.1424,1.00,1.60
2009.12.09 07:15:59.416,7.1398,7.1426,1.00,1.60
2009.12.09 07:16:00.126,7.1398,7.1429,2.50,1.60
2009.12.09 07:16:00.816,7.13945,7.1429,1.00,1.60
2009.12.09 07:16:01.376,7.1398,7.1429,1.60,1.60
2009.12.09 07:16:01.596,7.13985,7.1429,1.00,1.60
2009.12.09 07:16:02.715,7.1399,7.1429,1.00,1.60
2009.12.09 07:16:03.056,7.1398,7.1429,2.50,1.60
2009.12.09 07:16:03.736,7.14005,7.1429,1.60,1.60
2009.12.09 07:16:04.025,7.1401,7.1431,1.60,1.60
2009.12.09 07:16:04.375,7.1398,7.144,2.50,2.50
2009.12.09 07:16:05.855,7.1398,7.1428,2.50,1.60
2009.12.09 07:16:09.584,7.13935,7.1428,1.00,1.60
2009.12.09 07:16:09.814,7.13935,7.1423,1.00,1.60
2009.12.09 07:16:11.624,7.13935,7.1421,1.00,1.60
2009.12.09 07:16:14.703,7.13885,7.1419,1.00,1.60
2009.12.09 07:16:15.033,7.13835,7.1414,1.00,1.60
2009.12.09 07:16:15.413,7.13835,7.1411,1.00,1.60
2009.12.09 07:16:15.643,7.13835,7.1414,1.00,1.60
2009.12.09 07:16:17.252,7.13875,7.1416,1.00,1.60
2009.12.09 07:16:17.592,7.1386,7.1416,3.20,1.60
2009.12.09 07:16:17.872,7.13835,7.1411,1.00,1.60
2009.12.09 07:16:27.080,7.13835,7.1414,1.00,1.60
2009.12.09 07:16:31.069,7.1384,7.1414,1.60,1.60
2009.12.09 07:16:36.268,7.1382,7.1412,1.00,1.60
2009.12.09 07:16:36.478,7.1379,7.1409,1.60,1.60
2009.12.09 07:16:37.268,7.1375,7.1409,1.00,1.60
2009.12.09 07:16:38.977,7.13815,7.1409,1.60,1.60
2009.12.09 07:16:39.207,7.1381,7.1411,1.60,1.60
2009.12.09 07:16:39.557,7.13795,7.1404,1.00,1.60
2009.12.09 07:16:39.897,7.13745,7.1404,1.00,1.60
2009.12.09 07:16:40.167,7.13815,7.1409,1.60,1.60
2009.12.09 07:16:40.467,7.13745,7.1404,1.00,1.60
2009.12.09 07:16:43.386,7.1378,7.1402,1.00,1.60
2009.12.09 07:16:43.616,7.1378,7.1406,1.00,1.60
2009.12.09 07:16:44.186,7.13745,7.1415,1.00,2.50
2009.12.09 07:16:45.445,7.13745,7.1402,1.00,1.60
2009.12.09 07:16:46.115,7.1369,7.1399,1.60,1.60
2009.12.09 07:16:46.395,7.1364,7.1393,1.00,1.60
2009.12.09 07:16:46.735,7.1364,7.1394,1.00,1.60
2009.12.09 07:16:47.895,7.1368,7.1394,1.00,1.60
2009.12.09 07:16:48.235,7.1364,7.1394,1.00,1.60
2009.12.09 07:16:48.805,7.1364,7.1391,1.00,1.60
2009.12.09 07:16:49.734,7.1367,7.1391,1.60,1.60
2009.12.09 07:16:50.414,7.1364,7.1391,1.00,1.60
2009.12.09 07:16:50.764,7.1364,7.1401,1.00,2.50
2009.12.09 07:16:53.294,7.13685,7.1395,1.00,1.60
2009.12.09 07:16:55.513,7.13735,7.1395,1.00,1.60
2009.12.09 07:16:55.873,7.13735,7.14,1.00,1.60
2009.12.09 07:16:56.203,7.13735,7.1401,1.00,1.60
2009.12.09 07:16:57.812,7.13745,7.1401,1.00,1.60
2009.12.09 07:16:58.052,7.13745,7.1403,1.00,1.60
2009.12.09 07:16:58.642,7.13735,7.1401,1.00,1.60
2009.12.09 07:16:58.992,7.13735,7.1398,1.00,1.60
2009.12.09 07:16:59.612,7.13735,7.1403,1.00,1.60
2009.12.09 07:17:01.361,7.13745,7.1403,1.00,1.60
2009.12.09 07:17:01.651,7.137,7.1403,1.00,1.60
2009.12.09 07:17:01.942,7.1369,7.1396,1.00,1.60
2009.12.09 07:17:03.231,7.1369,7.1398,1.00,1.60
2009.12.09 07:17:05.300,7.13735,7.1401,1.00,1.60
2009.12.09 07:17:06.730,7.13785,7.1403,1.00,1.60
2009.12.09 07:17:07.110,7.13745,7.1401,1.00,1.60
2009.12.09 07:17:07.430,7.13745,7.1403,1.00,1.60
2009.12.09 07:17:15.258,7.13785,7.1405,1.00,1.60
2009.12.09 07:17:15.608,7.13745,7.1403,1.00,1.60
2009.12.09 07:17:15.958,7.13785,7.1405,1.00,1.60
2009.12.09 07:17:16.308,7.13685,7.1402,1.00,1.60
2009.12.09 07:17:17.228,7.13685,7.1398,1.00,1.60
2009.12.09 07:17:17.868,7.1369,7.1398,1.00,1.60
2009.12.09 07:17:18.458,7.13725,7.14,1.00,1.60
2009.12.09 07:17:18.838,7.1369,7.1395,1.00,1.60
2009.12.09 07:17:21.587,7.1369,7.1394,1.00,1.60
2009.12.09 07:17:26.575,7.1369,7.1389,1.00,1.60
2009.12.09 07:17:26.685,7.13645,7.1389,1.00,1.60
2009.12.09 07:17:30.564,7.1362,7.1387,4.00,1.60
2009.12.09 07:17:30.854,7.1359,7.1387,1.00,1.60
2009.12.09 07:17:31.654,7.1363,7.1388,1.00,1.60
2009.12.09 07:17:32.004,7.1363,7.1389,1.00,1.60
2009.12.09 07:17:32.294,7.1367,7.1392,1.60,1.60
2009.12.09 07:17:32.625,7.13645,7.1392,1.00,1.60
2009.12.09 07:17:34.034,7.1368,7.1394,1.00,1.60
2009.12.09 07:17:34.364,7.1367,7.1394,1.60,1.60
2009.12.09 07:17:34.704,7.1364,7.1389,1.00,1.60
2009.12.09 07:17:35.043,7.1364,7.139,1.00,1.60
2009.12.09 07:17:37.063,7.13655,7.139,2.40,1.60
2009.12.09 07:17:37.343,7.1368,7.1401,1.60,1.60
2009.12.09 07:17:37.623,7.1369,7.1401,1.00,1.60
2009.12.09 07:17:37.973,7.13695,7.1401,1.00,1.60
2009.12.09 07:17:39.353,7.13695,7.1394,1.00,1.60
2009.12.09 07:17:39.652,7.13685,7.1396,1.00,1.60
2009.12.09 07:17:39.942,7.13685,7.1399,1.00,1.60
2009.12.09 07:17:40.342,7.13695,7.1399,1.00,1.60
2009.12.09 07:17:41.042,7.13695,7.1396,1.00,1.60
2009.12.09 07:17:42.582,7.13695,7.1399,1.00,1.60
2009.12.09 07:17:42.972,7.13715,7.1399,1.60,1.60
2009.12.09 07:17:43.201,7.13735,7.1401,1.00,1.60
2009.12.09 07:17:47.641,7.13745,7.1403,1.00,1.60
2009.12.09 07:17:48.160,7.1375,7.1406,1.60,1.60
2009.12.09 07:17:48.461,7.13745,7.1403,1.00,1.60
2009.12.09 07:17:50.260,7.13785,7.1406,1.00,1.60
2009.12.09 07:17:55.579,7.13765,7.1406,1.60,1.60
2009.12.09 07:17:55.859,7.13745,7.1404,1.00,1.60
2009.12.09 07:17:56.309,7.13715,7.1397,1.60,1.60
2009.12.09 07:17:59.718,7.1375,7.1395,1.00,1.60
2009.12.09 07:18:01.617,7.1375,7.1395,1.00,1.60
2009.12.09 07:18:01.737,7.1375,7.1395,1.00,1.60
2009.12.09 07:18:03.627,7.13735,7.1402,1.00,3.20
2009.12.09 07:18:03.856,7.13735,7.1402,1.00,1.60
2009.12.09 07:18:04.546,7.1374,7.1404,1.60,1.60
2009.12.09 07:18:08.356,7.13765,7.1406,1.00,1.60
2009.12.09 07:18:08.595,7.13815,7.1409,1.60,1.60
2009.12.09 07:18:08.875,7.1386,7.1416,4.10,1.60
2009.12.09 07:18:09.635,7.13885,7.1416,2.40,1.60
2009.12.09 07:18:10.155,7.1391,7.1416,2.50,1.60
2009.12.09 07:18:10.505,7.1389,7.1419,1.60,1.60
2009.12.09 07:18:16.053,7.1388,7.1419,1.60,1.60
2009.12.09 07:18:17.263,7.1391,7.1419,1.60,1.60
2009.12.09 07:18:17.543,7.1391,7.1421,4.10,1.60
2009.12.09 07:18:20.102,7.13965,7.1423,1.00,1.60
2009.12.09 07:18:20.393,7.13965,7.1426,1.00,1.60
2009.12.09 07:18:24.032,7.1393,7.1421,1.00,1.60
2009.12.09 07:18:24.262,7.1393,7.1423,2.50,1.60
2009.12.09 07:18:25.132,7.13965,7.1426,1.00,1.60
2009.12.09 07:18:30.101,7.13965,7.1423,1.00,1.60
2009.12.09 07:18:30.450,7.1393,7.1423,1.00,1.60
2009.12.09 07:18:33.740,7.13965,7.1425,1.00,1.60
2009.12.09 07:18:36.739,7.1392,7.1423,2.50,1.60
2009.12.09 07:18:40.098,7.1393,7.1423,1.00,1.60
2009.12.09 07:18:43.727,7.1392,7.1423,2.50,1.60
2009.12.09 07:18:45.656,7.1392,7.142,1.00,1.60
2009.12.09 07:18:47.616,7.139,7.142,1.60,1.60
2009.12.09 07:18:47.966,7.1388,7.1416,1.00,1.60
2009.12.09 07:18:48.186,7.1383,7.1413,2.50,1.60
2009.12.09 07:18:48.476,7.1383,7.1414,2.50,1.60
2009.12.09 07:18:53.885,7.1383,7.1411,1.00,1.60
2009.12.09 07:18:54.154,7.1372,7.1404,1.60,1.60
2009.12.09 07:18:55.124,7.1369,7.1402,1.60,2.50
2009.12.09 07:18:55.477,7.1369,7.1399,1.60,1.60
2009.12.09 07:18:56.514,7.1358,7.1393,1.60,1.60
2009.12.09 07:18:56.864,7.1361,7.1395,1.60,1.60
2009.12.09 07:19:01.723,7.1356,7.1393,2.40,1.60
2009.12.09 07:19:01.783,7.1356,7.1393,1.60,1.60
2009.12.09 07:19:02.632,7.13545,7.1391,1.00,1.60
2009.12.09 07:19:03.012,7.1356,7.1393,1.60,1.60
2009.12.09 07:19:03.402,7.13595,7.1396,1.00,1.60
2009.12.09 07:19:03.742,7.1364,7.1401,1.60,1.60
2009.12.09 07:19:04.412,7.1366,7.1403,1.60,1.60
2009.12.09 07:19:04.742,7.1369,7.1406,1.60,1.60
2009.12.09 07:19:05.142,7.1371,7.1408,1.60,1.60
2009.12.09 07:19:05.492,7.1364,7.1401,1.60,1.60
2009.12.09 07:19:06.531,7.1369,7.1406,1.60,1.60
2009.12.09 07:19:07.111,7.1364,7.1406,1.60,1.60
2009.12.09 07:19:07.331,7.1369,7.1406,1.60,1.60
2009.12.09 07:19:08.901,7.1368,7.1405,1.60,1.60
2009.12.09 07:19:11.710,7.1371,7.1408,1.60,1.60
2009.12.09 07:19:13.740,7.1371,7.1405,1.00,1.60
2009.12.09 07:19:14.020,7.1366,7.1403,1.60,1.60
2009.12.09 07:19:14.370,7.1368,7.1405,1.60,1.60
2009.12.09 07:19:14.700,7.1364,7.1401,1.60,1.60
2009.12.09 07:19:17.249,7.1366,7.1403,1.60,1.60
2009.12.09 07:19:17.599,7.1373,7.1403,1.60,1.60
2009.12.09 07:19:27.366,7.1366,7.1403,1.60,1.60
2009.12.09 07:19:34.025,7.1363,7.1401,1.00,1.60
2009.12.09 07:19:37.364,7.1363,7.1404,1.00,1.60
2009.12.09 07:19:43.672,7.1363,7.1401,1.00,1.60
2009.12.09 07:19:43.902,7.1363,7.1404,1.00,1.60
2009.12.09 07:19:45.252,7.1363,7.1402,1.00,1.60
2009.12.09 07:19:46.282,7.1363,7.14,1.00,1.60
2009.12.09 07:19:47.082,7.1364,7.14,1.60,1.60
2009.12.09 07:19:49.301,7.1363,7.1398,1.00,1.60
2009.12.09 07:19:49.651,7.1367,7.1403,1.60,1.60
2009.12.09 07:19:53.110,7.1366,7.1403,1.60,1.60
2009.12.09 07:19:56.369,7.1369,7.1405,1.60,1.60
2009.12.09 07:19:56.699,7.1371,7.1408,1.60,1.60
2009.12.09 07:19:57.209,7.1374,7.141,1.60,1.60
2009.12.09 07:20:03.638,7.137,7.1403,2.50,1.60
2009.12.09 07:20:04.117,7.137,7.1403,1.60,1.60
2009.12.09 07:20:06.637,7.13725,7.1401,1.00,1.60
2009.12.09 07:20:06.697,7.1373,7.1403,1.60,1.60
2009.12.09 07:20:08.457,7.137,7.1401,1.60,1.60
2009.12.09 07:20:10.656,7.13725,7.1401,1.00,1.60
2009.12.09 07:20:10.886,7.1373,7.1403,1.60,1.60
2009.12.09 07:20:11.286,7.137,7.1401,1.60,1.60
2009.12.09 07:20:17.474,7.13705,7.1401,2.40,1.60
2009.12.09 07:20:17.834,7.1373,7.1403,1.60,1.60
2009.12.09 07:20:18.464,7.137,7.1401,1.60,1.60
2009.12.09 07:20:47.307,7.13675,7.1396,2.50,1.60
2009.12.09 07:20:47.367,7.137,7.1401,1.60,1.60
2009.12.09 07:20:47.817,7.13675,7.1396,1.60,1.60
2009.12.09 07:20:48.157,7.1364,7.1393,1.00,1.60
2009.12.09 07:20:49.836,7.1363,7.1393,4.10,1.60
2009.12.09 07:20:50.066,7.1364,7.1393,1.00,1.60
2009.12.09 07:20:50.526,7.1364,7.1388,1.00,1.60
2009.12.09 07:20:58.035,7.1364,7.1384,1.00,1.60
2009.12.09 07:20:58.385,7.1364,7.1386,1.00,1.60
2009.12.09 07:20:59.075,7.1364,7.1381,1.00,1.60
2009.12.09 07:21:03.013,7.1364,7.1379,1.00,1.60
2009.12.09 07:21:03.673,7.1364,7.1381,1.00,1.60
2009.12.09 07:21:06.203,7.1364,7.1384,1.00,1.60
2009.12.09 07:21:10.032,7.1364,7.1387,1.00,1.60
2009.12.09 07:21:11.691,7.1364,7.1385,1.00,1.60
2009.12.09 07:21:12.251,7.1364,7.1387,1.00,1.60
2009.12.09 07:21:14.631,7.1367,7.139,1.60,1.60
2009.12.09 07:21:15.160,7.1364,7.139,1.00,1.60
2009.12.09 07:21:15.881,7.1364,7.1385,1.00,1.60
2009.12.09 07:21:16.520,7.1364,7.1382,1.00,1.60
2009.12.09 07:21:16.970,7.1364,7.1377,1.00,1.60
2009.12.09 07:21:18.760,7.1364,7.1379,1.00,1.60
2009.12.09 07:21:19.319,7.13515,7.1379,1.60,1.60
2009.12.09 07:21:20.319,7.13515,7.1376,1.60,1.60
2009.12.09 07:21:20.669,7.1349,7.1376,1.60,1.60
2009.12.09 07:21:22.789,7.1354,7.1374,1.00,1.60
2009.12.09 07:21:23.069,7.1342,7.1371,2.00,1.60
2009.12.09 07:21:27.458,7.1352,7.1374,1.00,1.60
2009.12.09 07:21:29.257,7.1342,7.1371,2.00,1.60
2009.12.09 07:21:29.677,7.1342,7.1369,2.00,1.60
2009.12.09 07:21:30.027,7.1347,7.1367,1.00,1.60
2009.12.09 07:21:30.367,7.1344,7.1367,1.00,1.60
2009.12.09 07:21:31.866,7.1344,7.1367,2.00,1.60
2009.12.09 07:21:32.146,7.1349,7.1369,1.00,1.60
2009.12.09 07:21:32.846,7.1349,7.1367,1.00,1.60
2009.12.09 07:21:33.196,7.1349,7.1369,1.00,1.60
2009.12.09 07:21:34.576,7.1344,7.1368,1.00,1.60
2009.12.09 07:21:35.496,7.1344,7.1366,1.00,1.60
2009.12.09 07:21:36.255,7.13405,7.1366,1.60,1.60
2009.12.09 07:21:36.655,7.1344,7.1366,1.00,1.60
2009.12.09 07:21:37.475,7.1346,7.1366,1.00,1.60
2009.12.09 07:21:37.705,7.1346,7.1367,1.00,1.60
2009.12.09 07:21:37.995,7.1344,7.1366,1.00,1.60
2009.12.09 07:21:38.345,7.1344,7.1368,1.00,1.60
2009.12.09 07:21:39.055,7.13435,7.1364,1.00,1.60
2009.12.09 07:21:40.025,7.1345,7.1364,1.00,1.60
2009.12.09 07:21:42.694,7.1345,7.1366,1.00,1.70
2009.12.09 07:21:43.274,7.1346,7.1366,1.00,1.60
2009.12.09 07:21:43.604,7.1347,7.1367,1.00,1.60
2009.12.09 07:21:43.904,7.1347,7.1366,1.00,1.60
2009.12.09 07:21:44.244,7.1349,7.1366,1.00,1.60
2009.12.09 07:21:45.893,7.1348,7.1366,1.00,1.60
2009.12.09 07:21:48.742,7.1349,7.1366,1.60,1.60
2009.12.09 07:21:49.082,7.1349,7.1376,1.60,1.60
2009.12.09 07:21:51.362,7.1344,7.1369,2.00,1.60
2009.12.09 07:21:51.838,7.1349,7.1374,1.60,1.60
2009.12.09 07:21:53.791,7.1354,7.1374,1.00,1.60
2009.12.09 07:21:54.931,7.1349,7.1374,1.60,1.60
2009.12.09 07:21:55.171,7.1344,7.1371,2.80,1.60
2009.12.09 07:21:55.401,7.1344,7.1371,2.00,1.60
2009.12.09 07:22:02.849,7.1349,7.1374,1.60,1.60
2009.12.09 07:22:03.149,7.1354,7.1374,1.00,1.60
2009.12.09 07:22:05.218,7.1358,7.1379,1.00,1.60
2009.12.09 07:22:05.568,7.13535,7.1376,1.60,1.60
2009.12.09 07:22:05.928,7.1349,7.1376,1.60,1.60
2009.12.09 07:22:07.688,7.1347,7.1374,1.00,1.60
2009.12.09 07:22:07.978,7.1347,7.1371,1.00,1.60
2009.12.09 07:22:11.187,7.1354,7.1371,1.00,1.60
2009.12.09 07:22:11.517,7.1354,7.1374,1.00,1.60
2009.12.09 07:22:20.755,7.1349,7.1373,1.70,1.00
2009.12.09 07:22:21.375,7.1347,7.1371,1.00,1.60
2009.12.09 07:22:22.074,7.1347,7.1369,1.00,1.60
2009.12.09 07:22:22.424,7.1347,7.1371,1.00,1.60
2009.12.09 07:22:23.124,7.1344,7.1371,1.60,1.60
2009.12.09 07:22:23.474,7.1347,7.1371,1.00,1.60
2009.12.09 07:22:24.914,7.1349,7.1371,1.00,1.60
2009.12.09 07:22:25.194,7.1349,7.1369,1.00,1.60
2009.12.09 07:22:26.113,7.1347,7.1371,1.00,1.60
2009.12.09 07:22:29.422,7.1347,7.1367,1.00,1.60
2009.12.09 07:22:34.322,7.1347,7.1364,1.00,1.60
2009.12.09 07:22:36.221,7.1347,7.1359,1.00,1.60
2009.12.09 07:22:36.451,7.1347,7.1357,1.00,1.60
2009.12.09 07:22:36.611,7.1332,7.1358,1.00,1.80
2009.12.09 07:22:36.791,7.1332,7.1357,1.00,1.60
2009.12.09 07:22:37.021,7.13325,7.1359,1.60,1.60
2009.12.09 07:22:37.361,7.1332,7.1354,1.00,1.60
2009.12.09 07:22:39.041,7.13295,7.1354,1.60,1.60
2009.12.09 07:22:39.390,7.1334,7.1354,1.00,1.60
2009.12.09 07:22:39.621,7.13295,7.1357,1.60,1.60
2009.12.09 07:22:42.829,7.1337,7.1357,1.00,1.60
2009.12.09 07:22:43.179,7.13325,7.1362,1.60,1.60
2009.12.09 07:22:44.139,7.1339,7.1362,1.60,1.60
2009.12.09 07:22:44.429,7.1339,7.1359,1.00,1.60
2009.12.09 07:22:44.839,7.1344,7.1362,1.00,1.60
2009.12.09 07:22:45.169,7.13325,7.1362,1.60,1.60
2009.12.09 07:22:47.368,7.13345,7.1359,1.60,1.60
2009.12.09 07:22:47.998,7.1339,7.1359,1.00,1.60
2009.12.09 07:22:48.618,7.13275,7.1357,1.60,1.60
2009.12.09 07:22:52.427,7.1334,7.1354,1.00,1.60
2009.12.09 07:22:54.897,7.13295,7.1354,1.60,1.60
2009.12.09 07:22:55.067,7.1334,7.1352,1.00,1.60
2009.12.09 07:22:55.286,7.1334,7.1354,1.00,1.60
2009.12.09 07:22:55.516,7.1323,7.1352,1.00,1.60
2009.12.09 07:22:56.246,7.1332,7.1354,1.00,1.60
2009.12.09 07:22:57.466,7.1334,7.1357,1.00,1.60
2009.12.09 07:22:57.816,7.13295,7.1357,1.60,1.60
2009.12.09 07:22:59.786,7.1334,7.1357,1.00,1.60
2009.12.09 07:23:00.025,7.1334,7.1354,1.00,1.60
2009.12.09 07:23:00.535,7.13295,7.1354,1.60,1.60
2009.12.09 07:23:01.275,7.1334,7.1354,1.00,1.60
2009.12.09 07:23:02.075,7.1323,7.1352,1.00,1.60
2009.12.09 07:23:03.524,7.1332,7.1352,1.00,1.60
2009.12.09 07:23:03.704,7.1332,7.1354,1.00,1.60
2009.12.09 07:23:05.774,7.13295,7.1354,1.60,1.60
2009.12.09 07:23:06.054,7.1337,7.1357,1.00,1.60
2009.12.09 07:23:06.334,7.13275,7.1357,1.60,1.60
2009.12.09 07:23:07.024,7.1337,7.1359,1.00,1.60
2009.12.09 07:23:10.013,7.13345,7.1359,1.60,1.60
2009.12.09 07:23:10.742,7.1339,7.1359,1.00,1.60
2009.12.09 07:23:11.892,7.1338,7.1371,1.60,1.00
2009.12.09 07:23:12.582,7.1338,7.1373,1.60,1.60
2009.12.09 07:23:12.922,7.1343,7.1376,1.60,1.60
2009.12.09 07:23:13.272,7.1338,7.1371,1.60,1.60
2009.12.09 07:23:17.381,7.1339,7.1371,1.60,1.60
2009.12.09 07:23:17.541,7.1343,7.1376,1.60,1.60
2009.12.09 07:23:17.831,7.1338,7.1371,1.60,1.60
2009.12.09 07:23:23.100,7.1343,7.1376,1.60,1.60
2009.12.09 07:23:23.569,7.1338,7.1371,1.60,1.60
2009.12.09 07:23:30.048,7.134,7.1373,1.60,1.60
2009.12.09 07:23:30.388,7.1338,7.1371,1.60,1.60
2009.12.09 07:23:31.768,7.134,7.1373,1.60,1.60
2009.12.09 07:23:33.377,7.1343,7.1376,1.60,1.60
2009.12.09 07:23:33.607,7.134,7.1373,1.60,1.60
2009.12.09 07:23:34.337,7.1338,7.1371,1.60,1.60
2009.12.09 07:23:37.736,7.1336,7.1368,1.00,1.60
2009.12.09 07:23:37.906,7.1336,7.1366,1.00,1.60
2009.12.09 07:23:39.866,7.1336,7.1363,1.00,1.60
2009.12.09 07:23:40.455,7.1336,7.1356,1.00,1.60
2009.12.09 07:23:41.095,7.1336,7.1355,1.00,1.60
2009.12.09 07:23:41.645,7.1336,7.1353,1.00,1.60
2009.12.09 07:23:42.865,7.1336,7.1351,1.00,1.60
2009.12.09 07:23:44.724,7.1336,7.1348,1.00,1.60
2009.12.09 07:23:45.014,7.1336,7.1347,1.00,1.60
2009.12.09 07:23:45.695,7.1316,7.1348,1.00,1.60
2009.12.09 07:23:53.323,7.13245,7.1351,1.60,1.60
2009.12.09 07:23:53.672,7.1321,7.1351,1.00,1.60
2009.12.09 07:23:54.372,7.13175,7.135,1.00,1.60
2009.12.09 07:23:55.742,7.13175,7.1346,1.00,1.60
2009.12.09 07:23:56.302,7.1316,7.1346,1.00,1.60
2009.12.09 07:23:56.582,7.1316,7.1341,1.00,1.60
2009.12.09 07:23:58.431,7.1316,7.1344,1.00,1.60
2009.12.09 07:23:58.781,7.1316,7.1343,1.00,1.60
2009.12.09 07:23:59.131,7.1316,7.1346,1.30,1.60
2009.12.09 07:23:59.481,7.1317,7.1346,1.00,1.60
2009.12.09 07:23:59.831,7.1316,7.1343,1.00,1.60
2009.12.09 07:24:00.521,7.1316,7.1344,1.00,1.60
2009.12.09 07:24:01.770,7.1316,7.1343,1.00,1.60
2009.12.09 07:24:06.189,7.1315,7.1343,1.60,1.60
2009.12.09 07:24:06.589,7.1316,7.1343,1.00,1.60
2009.12.09 07:24:07.829,7.13195,7.1346,1.60,1.60
2009.12.09 07:24:08.179,7.13195,7.1348,1.60,1.60
2009.12.09 07:24:08.459,7.1323,7.1353,1.60,1.60
2009.12.09 07:24:08.749,7.13215,7.1351,1.00,1.60
2009.12.09 07:24:15.258,7.13215,7.1355,1.00,1.60
2009.12.09 07:24:15.547,7.13215,7.1351,1.00,1.60
2009.12.09 07:24:15.927,7.13245,7.1353,2.50,1.60
2009.12.09 07:24:17.197,7.1326,7.1355,1.00,1.60
2009.12.09 07:24:18.506,7.13245,7.1353,1.60,1.60
2009.12.09 07:24:20.396,7.1325,7.1355,1.60,1.60
2009.12.09 07:24:20.676,7.1326,7.1355,1.00,1.60
2009.12.09 07:24:22.065,7.1325,7.1355,1.60,1.60
2009.12.09 07:24:22.365,7.1323,7.1353,1.60,1.60
2009.12.09 07:24:22.715,7.1321,7.1351,1.00,1.60
2009.12.09 07:24:23.275,7.1321,7.1351,1.30,1.60
2009.12.09 07:24:24.145,7.1321,7.1351,1.00,1.60
2009.12.09 07:24:24.375,7.1321,7.1348,1.00,1.60
2009.12.09 07:24:26.685,7.13245,7.1346,1.60,1.60
2009.12.09 07:24:26.914,7.1321,7.1348,1.00,1.60
2009.12.09 07:24:29.484,7.1321,7.1346,1.00,1.60
2009.12.09 07:24:29.704,7.1321,7.1351,1.00,1.60
2009.12.09 07:24:30.223,7.1321,7.135,1.00,1.60
2009.12.09 07:24:30.623,7.1321,7.1351,1.30,1.60
2009.12.09 07:24:33.883,7.1321,7.1348,1.00,1.60
2009.12.09 07:24:36.662,7.13195,7.1348,1.60,1.60
2009.12.09 07:24:37.122,7.1321,7.1348,1.00,1.60
2009.12.09 07:24:40.461,7.1321,7.1346,1.00,1.60
2009.12.09 07:24:43.540,7.1321,7.1343,1.00,1.60
2009.12.09 07:24:51.408,7.1315,7.1343,1.60,1.60
2009.12.09 07:24:51.918,7.1321,7.1343,1.00,1.60
2009.12.09 07:24:53.748,7.1321,7.1348,1.00,1.60
2009.12.09 07:24:55.247,7.1321,7.1346,1.00,1.60
2009.12.09 07:24:58.387,7.1321,7.1348,1.00,1.60
2009.12.09 07:24:58.847,7.1321,7.1343,1.00,1.60
2009.12.09 07:24:59.766,7.1321,7.1346,1.00,1.60
2009.12.09 07:25:00.396,7.1321,7.1345,1.00,1.60
2009.12.09 07:25:00.696,7.1321,7.1348,1.00,1.60
2009.12.09 07:25:01.256,7.1321,7.1346,1.00,1.60
2009.12.09 07:25:01.616,7.1321,7.1348,1.00,1.60
2009.12.09 07:25:02.796,7.1321,7.1343,1.00,1.60
2009.12.09 07:25:03.186,7.1321,7.1346,1.00,1.60
2009.12.09 07:25:03.875,7.1321,7.1348,1.00,1.60
2009.12.09 07:25:07.265,7.1318,7.1348,1.60,1.60
2009.12.09 07:25:07.385,7.1317,7.1346,1.00,1.60
2009.12.09 07:25:07.894,7.1321,7.1348,1.00,1.60
2009.12.09 07:25:08.675,7.13245,7.1353,1.60,1.60
2009.12.09 07:25:09.624,7.13265,7.1353,1.00,1.60
2009.12.09 07:25:09.964,7.13265,7.1355,1.00,1.60
2009.12.09 07:25:10.324,7.13245,7.1353,2.50,1.60
2009.12.09 07:25:11.303,7.13215,7.1351,1.00,1.60
2009.12.09 07:25:12.443,7.13215,7.1351,2.50,1.60
2009.12.09 07:25:12.743,7.13245,7.1353,1.60,1.60
2009.12.09 07:25:18.462,7.13265,7.1355,1.00,1.60
2009.12.09 07:25:20.382,7.13265,7.1353,1.00,1.60
2009.12.09 07:25:20.672,7.13245,7.1353,2.50,1.60
2009.12.09 07:25:26.240,7.13295,7.1355,1.60,1.60
2009.12.09 07:25:28.869,7.13295,7.1358,1.60,1.60
2009.12.09 07:25:29.470,7.13285,7.1358,1.00,1.60
2009.12.09 07:25:30.109,7.13265,7.1355,1.00,1.60
2009.12.09 07:25:34.988,7.133,7.136,1.60,1.60
2009.12.09 07:25:35.278,7.13295,7.1358,1.60,1.60
2009.12.09 07:25:38.487,7.13345,7.136,1.60,1.60
2009.12.09 07:25:38.937,7.13345,7.1363,1.60,1.60
2009.12.09 07:25:40.776,7.13315,7.136,1.00,1.60
2009.12.09 07:25:43.626,7.13345,7.1363,1.60,1.60
2009.12.09 07:25:43.966,7.13345,7.136,1.60,1.60
2009.12.09 07:25:44.596,7.13345,7.1363,1.60,1.60
2009.12.09 07:25:54.033,7.1338,7.1367,1.00,1.60
2009.12.09 07:25:54.263,7.1339,7.1365,1.60,1.60
2009.12.09 07:25:54.503,7.13365,7.1365,1.00,1.60
2009.12.09 07:25:55.973,7.1339,7.1365,1.60,1.60
2009.12.09 07:25:56.263,7.1344,7.1367,1.60,1.60
2009.12.09 07:25:56.603,7.1343,7.137,1.00,1.60
2009.12.09 07:25:56.943,7.1341,7.137,1.00,1.60
2009.12.09 07:26:04.052,7.1339,7.1367,2.50,1.60
2009.12.09 07:26:05.621,7.1341,7.1367,1.00,1.60
2009.12.09 07:26:05.970,7.1344,7.1372,1.60,1.60
2009.12.09 07:26:09.479,7.1343,7.1372,1.00,1.60
2009.12.09 07:26:09.709,7.1342,7.1372,1.60,1.60
2009.12.09 07:26:10.069,7.1341,7.137,1.00,1.60
2009.12.09 07:26:14.029,7.1344,7.137,1.60,1.60
2009.12.09 07:26:14.249,7.1344,7.1372,1.60,1.60
2009.12.09 07:26:15.209,7.1343,7.137,1.00,1.60
2009.12.09 07:26:15.548,7.1341,7.137,1.00,1.60
2009.12.09 07:26:18.158,7.1344,7.1367,1.60,1.60
2009.12.09 07:26:18.737,7.1344,7.1372,1.60,1.60
2009.12.09 07:26:19.147,7.13395,7.1367,1.00,1.60
2009.12.09 07:26:23.357,7.1341,7.137,1.00,1.60
2009.12.09 07:26:23.826,7.1344,7.1372,1.60,1.60
2009.12.09 07:26:30.465,7.1341,7.1367,1.00,1.60
2009.12.09 07:26:30.705,7.1341,7.137,1.00,1.60
2009.12.09 07:26:33.724,7.1342,7.1372,3.20,1.60
2009.12.09 07:26:33.953,7.13415,7.1365,1.60,1.60
2009.12.09 07:26:34.744,7.13415,7.1364,1.60,1.60
2009.12.09 07:26:35.034,7.1341,7.1362,1.60,1.60
2009.12.09 07:26:36.363,7.13395,7.1361,1.60,1.60
2009.12.09 07:26:37.103,7.1336,7.1361,1.00,1.60
2009.12.09 07:26:37.333,7.13355,7.1358,1.60,1.60
2009.12.09 07:26:38.662,7.1339,7.1358,1.00,1.60
2009.12.09 07:26:40.652,7.1339,7.1358,1.00,1.60
2009.12.09 07:26:40.872,7.1339,7.1358,1.00,1.60
2009.12.09 07:26:42.562,7.1343,7.1361,1.00,1.60
2009.12.09 07:26:43.622,7.13445,7.1363,1.60,1.60
2009.12.09 07:26:43.951,7.1348,7.1366,1.00,1.60
2009.12.09 07:26:45.441,7.1348,7.1363,1.00,1.60
2009.12.09 07:26:45.791,7.1345,7.1366,1.00,1.60
2009.12.09 07:26:46.710,7.1349,7.1366,1.00,1.60
2009.12.09 07:26:47.671,7.1345,7.1366,1.00,1.60
2009.12.09 07:26:48.011,7.1349,7.1366,1.00,1.60
2009.12.09 07:26:48.250,7.1349,7.1369,1.00,1.80
2009.12.09 07:26:48.630,7.1345,7.1366,1.00,1.60
2009.12.09 07:26:48.920,7.1345,7.1363,1.00,1.60
2009.12.09 07:26:49.210,7.1344,7.1363,1.00,1.60
2009.12.09 07:26:49.510,7.1345,7.1363,1.00,1.60
2009.12.09 07:26:54.409,7.1344,7.1363,1.00,1.60
2009.12.09 07:26:54.579,7.1344,7.1361,1.00,1.60
2009.12.09 07:26:56.669,7.1345,7.1366,1.00,1.60
2009.12.09 07:26:56.899,7.1349,7.1366,1.00,1.60
2009.12.09 07:27:00.907,7.135,7.1368,1.00,1.60
2009.12.09 07:27:01.637,7.1353,7.1368,1.00,1.60
2009.12.09 07:27:01.817,7.135,7.1368,1.00,1.60
2009.12.09 07:27:04.766,7.1353,7.137,1.00,1.60
2009.12.09 07:27:10.145,7.1354,7.1373,1.00,1.60
2009.12.09 07:27:10.366,7.1358,7.1373,1.00,1.60
2009.12.09 07:27:10.655,7.1358,7.1375,1.00,1.60
2009.12.09 07:27:14.354,7.1358,7.1374,1.00,1.60
2009.12.09 07:27:14.634,7.1361,7.1377,1.00,1.60
2009.12.09 07:27:14.874,7.1359,7.1377,1.00,1.60
2009.12.09 07:27:15.504,7.13465,7.1377,1.60,1.60
2009.12.09 07:27:15.844,7.1357,7.1377,1.00,1.60
2009.12.09 07:27:16.793,7.1357,7.1377,1.00,1.60
2009.12.09 07:27:17.023,7.1353,7.1377,1.60,1.60
2009.12.09 07:27:17.363,7.1359,7.1377,1.00,1.60
2009.12.09 07:27:19.013,7.1364,7.1377,1.00,1.60
2009.12.09 07:27:19.343,7.1364,7.1382,1.00,1.60
2009.12.09 07:27:19.683,7.1351,7.1379,1.60,1.60
2009.12.09 07:27:20.013,7.1351,7.1377,1.60,1.60
2009.12.09 07:27:20.303,7.1357,7.1377,1.00,1.60
2009.12.09 07:27:20.992,7.1353,7.1377,1.60,1.60
2009.12.09 07:27:21.352,7.1359,7.1377,1.00,1.60
2009.12.09 07:27:21.692,7.1353,7.1377,1.60,1.60
2009.12.09 07:27:22.322,7.1359,7.1377,1.00,1.60
2009.12.09 07:27:22.712,7.1353,7.1377,1.60,1.60
2009.12.09 07:27:23.062,7.1358,7.1377,1.00,1.60
2009.12.09 07:27:23.452,7.13465,7.1374,1.60,1.60
2009.12.09 07:27:24.822,7.1354,7.1374,1.00,1.60
2009.12.09 07:27:25.121,7.13485,7.1374,1.60,1.60
2009.12.09 07:27:31.540,7.1355,7.1374,1.00,1.60
2009.12.09 07:27:36.449,7.1359,7.1374,1.00,1.60
2009.12.09 07:27:36.739,7.1359,7.1377,1.00,1.60
2009.12.09 07:27:38.558,7.1354,7.1376,1.00,1.00
2009.12.09 07:27:39.438,7.1354,7.1372,1.00,1.60
2009.12.09 07:27:39.718,7.1359,7.1372,1.00,1.60
2009.12.09 07:27:39.938,7.1353,7.1374,1.60,1.60
2009.12.09 07:27:40.158,7.1359,7.1374,1.00,1.60
2009.12.09 07:27:40.428,7.1354,7.1374,1.00,1.60
2009.12.09 07:27:40.658,7.13485,7.1374,1.60,1.60
2009.12.09 07:27:40.997,7.1357,7.1372,1.00,1.60
2009.12.09 07:27:41.338,7.1357,7.1377,1.00,1.60
2009.12.09 07:27:44.937,7.1354,7.1374,1.00,1.60
2009.12.09 07:27:45.167,7.1354,7.1372,1.00,1.60
2009.12.09 07:27:48.956,7.13485,7.1374,1.60,1.60
2009.12.09 07:27:51.135,7.1354,7.1372,1.00,1.60
2009.12.09 07:27:52.005,7.13485,7.1372,1.60,1.60
2009.12.09 07:27:52.345,7.13485,7.1374,1.60,1.60
2009.12.09 07:27:52.974,7.1357,7.1374,1.00,1.60
2009.12.09 07:27:53.264,7.1357,7.1377,1.00,1.60
2009.12.09 07:27:56.044,7.13455,7.1374,1.60,1.60
2009.12.09 07:27:56.744,7.13455,7.1372,1.60,1.60
2009.12.09 07:27:57.154,7.1347,7.1372,1.00,1.60
2009.12.09 07:28:03.192,7.13475,7.1372,1.60,1.60
2009.12.09 07:28:03.832,7.1347,7.1374,1.00,1.60
2009.12.09 07:28:04.162,7.1347,7.1372,1.00,1.60
2009.12.09 07:28:04.512,7.13475,7.1372,1.60,1.60
2009.12.09 07:28:04.832,7.13475,7.1374,1.60,1.60
2009.12.09 07:28:05.122,7.13475,7.1372,1.60,1.60
2009.12.09 07:28:05.412,7.1347,7.1372,1.00,1.60
2009.12.09 07:28:07.671,7.1343,7.1372,1.60,1.60
2009.12.09 07:28:07.841,7.1347,7.1372,1.00,1.60
2009.12.09 07:28:11.750,7.13475,7.1374,1.60,1.60
2009.12.09 07:28:15.339,7.135,7.1374,1.60,1.60
2009.12.09 07:28:15.619,7.135,7.1375,1.60,1.60
2009.12.09 07:28:18.638,7.1356,7.1375,1.00,1.60
2009.12.09 07:28:20.798,7.1345,7.1372,1.00,1.60
2009.12.09 07:28:23.537,7.1351,7.137,1.00,1.60
2009.12.09 07:28:24.267,7.1347,7.1365,1.00,1.60
2009.12.09 07:28:24.617,7.1347,7.136,1.00,1.60
2009.12.09 07:28:31.026,7.1347,7.1365,1.00,1.60
2009.12.09 07:28:34.745,7.1347,7.1367,1.00,1.60
2009.12.09 07:28:35.535,7.1347,7.1363,1.00,1.60
2009.12.09 07:28:36.844,7.1333,7.1363,1.60,1.60
2009.12.09 07:28:37.364,7.1345,7.1363,1.00,1.60
2009.12.09 07:28:37.654,7.1345,7.1365,1.00,1.60
2009.12.09 07:28:43.093,7.1347,7.1367,1.00,1.60
2009.12.09 07:28:46.882,7.1347,7.1365,1.00,1.60
2009.12.09 07:28:47.162,7.1347,7.1367,1.00,1.60
2009.12.09 07:28:50.341,7.134,7.1367,1.60,1.60
2009.12.09 07:28:50.681,7.1347,7.1367,1.00,1.60
2009.12.09 07:28:55.180,7.1347,7.137,1.00,1.60
2009.12.09 07:28:55.530,7.1347,7.1367,1.00,1.60
2009.12.09 07:28:56.569,7.135,7.137,1.00,1.60
2009.12.09 07:28:57.759,7.1347,7.1372,1.00,1.60
2009.12.09 07:29:03.718,7.1347,7.1375,1.00,1.60
2009.12.09 07:29:03.888,7.135,7.1375,1.60,1.60
2009.12.09 07:29:04.058,7.135,7.1377,1.60,1.60
2009.12.09 07:29:04.287,7.1358,7.1377,1.00,1.60
2009.12.09 07:29:04.787,7.1348,7.1375,1.60,1.60
2009.12.09 07:29:05.138,7.1353,7.1377,1.00,1.60
2009.12.09 07:29:05.477,7.1348,7.1377,1.60,1.60
2009.12.09 07:29:13.145,7.1355,7.1377,1.00,1.60
2009.12.09 07:29:13.416,7.1355,7.1375,1.00,1.60
2009.12.09 07:29:21.144,7.1348,7.1372,1.00,1.60
2009.12.09 07:29:22.063,7.1346,7.1372,1.00,1.60
2009.12.09 07:29:31.571,7.13475,7.1372,1.60,1.60
2009.12.09 07:29:31.691,7.13475,7.1374,1.60,1.60
2009.12.09 07:29:32.271,7.13475,7.1371,1.60,1.60
2009.12.09 07:29:32.661,7.1346,7.1371,1.00,1.60
2009.12.09 07:29:33.021,7.13475,7.1374,1.60,1.60
2009.12.09 07:29:36.890,7.1346,7.1369,1.00,1.60
2009.12.09 07:29:41.538,7.13475,7.1369,1.60,1.60
2009.12.09 07:29:41.838,7.13475,7.1372,1.60,1.60
2009.12.09 07:29:42.188,7.13475,7.1369,1.60,1.60
2009.12.09 07:29:42.529,7.1346,7.1369,1.00,1.60
2009.12.09 07:29:43.458,7.1346,7.1372,1.00,1.60
2009.12.09 07:29:47.627,7.1346,7.1371,1.00,1.60
2009.12.09 07:29:47.927,7.13475,7.1374,1.60,1.60
2009.12.09 07:29:48.217,7.13495,7.1377,1.00,1.60
2009.12.09 07:29:48.507,7.13475,7.1377,2.50,1.60
2009.12.09 07:29:48.847,7.1348,7.1377,1.00,1.60
2009.12.09 07:29:49.379,7.13475,7.1377,2.50,1.60
2009.12.09 07:29:49.727,7.13495,7.1379,1.00,1.60
2009.12.09 07:29:50.067,7.13475,7.1377,2.50,1.60
2009.12.09 07:29:50.347,7.13525,7.1379,1.60,1.60
2009.12.09 07:29:56.595,7.13525,7.1377,1.60,1.60
2009.12.09 07:29:56.925,7.13475,7.1377,2.50,1.60
2009.12.09 07:29:58.244,7.13525,7.1379,1.60,1.60
2009.12.09 07:29:59.334,7.13475,7.1377,2.50,1.60
2009.12.09 07:30:01.614,7.13475,7.1377,1.00,1.60
2009.12.09 07:30:02.014,7.1348,7.1374,1.00,1.60
2009.12.09 07:30:02.294,7.1348,7.1373,1.00,1.60
2009.12.09 07:30:04.033,7.1346,7.137,1.00,1.60
2009.12.09 07:30:04.933,7.1344,7.137,1.00,1.60
2009.12.09 07:30:05.733,7.1344,7.1368,1.00,1.60
2009.12.09 07:30:07.902,7.1344,7.1367,1.00,1.60
2009.12.09 07:30:08.412,7.1344,7.1363,1.00,1.60
2009.12.09 07:30:08.642,7.134,7.1363,1.00,1.60
2009.12.09 07:30:10.002,7.1334,7.1363,1.00,1.60
2009.12.09 07:30:10.292,7.1334,7.1361,1.00,1.60
2009.12.09 07:30:11.451,7.1334,7.1358,1.00,1.60
2009.12.09 07:30:13.641,7.133,7.1354,1.00,1.60
2009.12.09 07:30:14.781,7.1329,7.1356,1.00,1.60
2009.12.09 07:30:15.470,7.1329,7.1354,1.00,1.60
2009.12.09 07:30:16.860,7.1329,7.1356,1.00,1.60
2009.12.09 07:30:17.270,7.1329,7.1354,1.00,1.60
2009.12.09 07:30:17.500,7.1329,7.1356,1.00,1.60
2009.12.09 07:30:17.730,7.1329,7.1357,1.00,1.60
2009.12.09 07:30:18.650,7.1329,7.1354,1.00,1.60
2009.12.09 07:30:18.990,7.1335,7.1354,1.00,1.60
2009.12.09 07:30:27.688,7.1329,7.1353,1.00,1.60
2009.12.09 07:30:28.687,7.1328,7.1352,1.00,1.60
2009.12.09 07:30:29.737,7.13235,7.1351,1.00,1.60
2009.12.09 07:30:30.137,7.13235,7.1348,1.00,1.60
2009.12.09 07:30:31.877,7.1318,7.1346,1.00,1.60
2009.12.09 07:30:32.226,7.13225,7.1348,1.00,1.60
2009.12.09 07:30:34.636,7.13185,7.1351,1.00,1.60
2009.12.09 07:30:34.966,7.1322,7.1346,1.00,1.60
2009.12.09 07:30:35.256,7.132,7.1348,3.30,1.60
2009.12.09 07:30:35.606,7.1318,7.1346,1.00,1.60
2009.12.09 07:30:37.495,7.1322,7.1348,1.00,1.60
2009.12.09 07:30:41.114,7.1327,7.1348,3.20,1.60
2009.12.09 07:30:42.754,7.1323,7.1348,3.20,1.60
2009.12.09 07:30:42.924,7.1323,7.1346,3.20,1.60
2009.12.09 07:30:43.154,7.13225,7.1346,3.20,1.60
2009.12.09 07:30:43.544,7.1324,7.1348,3.20,1.60
2009.12.09 07:30:43.903,7.1325,7.1343,3.20,1.60
2009.12.09 07:30:44.364,7.1325,7.1346,3.20,1.60
2009.12.09 07:30:45.804,7.1323,7.1343,3.20,1.60
2009.12.09 07:30:46.093,7.13225,7.1343,3.20,1.60
2009.12.09 07:30:46.373,7.13235,7.1346,3.20,1.60
2009.12.09 07:30:46.673,7.1325,7.1348,3.20,1.60
2009.12.09 07:30:46.963,7.1325,7.1349,6.40,1.60
2009.12.09 07:30:47.293,7.13265,7.1349,3.20,1.60
2009.12.09 07:30:58.670,7.13265,7.1347,3.20,1.60
2009.12.09 07:30:59.060,7.1326,7.1348,3.20,1.60
2009.12.09 07:30:59.350,7.1325,7.1358,3.20,2.50
2009.12.09 07:31:00.080,7.13255,7.1348,3.20,1.60
2009.12.09 07:31:00.430,7.1327,7.1349,3.20,1.60
2009.12.09 07:31:00.710,7.13255,7.1348,3.20,1.60
2009.12.09 07:31:02.330,7.1327,7.1349,3.20,1.60
2009.12.09 07:31:02.659,7.13255,7.1348,3.20,1.60
2009.12.09 07:31:03.229,7.1327,7.1349,3.20,1.60
2009.12.09 07:31:05.318,7.13265,7.1348,3.20,1.60
2009.12.09 07:31:05.548,7.1325,7.1348,3.20,1.60
2009.12.09 07:31:05.818,7.13255,7.1348,3.20,1.60
2009.12.09 07:31:08.847,7.1327,7.1349,3.20,1.60
2009.12.09 07:31:15.586,7.1327,7.1354,3.20,1.60
2009.12.09 07:31:15.806,7.133,7.1353,3.20,1.60
2009.12.09 07:31:16.096,7.13325,7.1353,3.20,1.60
2009.12.09 07:31:16.326,7.13305,7.1353,3.20,1.60
2009.12.09 07:31:17.766,7.13285,7.1353,3.20,1.60
2009.12.09 07:31:18.166,7.13285,7.1349,3.20,1.60
2009.12.09 07:31:21.225,7.1328,7.1349,3.20,1.60
2009.12.09 07:31:22.424,7.1327,7.1348,3.20,1.60
2009.12.09 07:31:22.764,7.13255,7.1348,3.20,1.60
2009.12.09 07:31:23.124,7.1325,7.1348,3.20,1.60
2009.12.09 07:31:24.944,7.13205,7.1342,3.20,1.60
2009.12.09 07:31:25.174,7.13195,7.1342,3.20,1.60
2009.12.09 07:31:25.454,7.13195,7.1346,3.20,1.60
2009.12.09 07:31:25.974,7.1321,7.1346,3.20,1.60
2009.12.09 07:31:26.324,7.1322,7.1344,3.20,1.60
2009.12.09 07:31:27.013,7.13225,7.1344,3.20,1.60
2009.12.09 07:31:27.313,7.1323,7.1348,3.20,1.60
2009.12.09 07:31:27.603,7.13235,7.1348,3.20,1.60
2009.12.09 07:31:27.893,7.1324,7.1348,3.20,1.60
2009.12.09 07:31:28.523,7.1325,7.1348,3.20,1.60
2009.12.09 07:31:28.883,7.13255,7.1348,3.20,1.60
2009.12.09 07:31:29.523,7.13255,7.1347,3.20,1.60
2009.12.09 07:31:29.873,7.13255,7.1348,3.20,1.60
2009.12.09 07:31:30.272,7.1325,7.1348,3.20,1.60
2009.12.09 07:31:31.582,7.13235,7.1348,3.20,1.60
2009.12.09 07:31:31.812,7.1327,7.1349,3.20,1.60
2009.12.09 07:31:32.492,7.1327,7.1353,3.20,1.60
2009.12.09 07:31:32.832,7.13275,7.1353,3.20,1.60
2009.12.09 07:31:33.172,7.133,7.1353,3.20,1.60
2009.12.09 07:31:35.241,7.1329,7.1353,3.20,1.60
2009.12.09 07:31:36.321,7.13295,7.1353,3.20,1.60
2009.12.09 07:31:36.901,7.13285,7.135,3.20,1.60
2009.12.09 07:31:37.491,7.13285,7.1349,3.20,1.60
2009.12.09 07:31:37.831,7.1327,7.1349,3.20,1.60
2009.12.09 07:31:38.170,7.13275,7.1353,3.20,1.60
2009.12.09 07:31:38.560,7.13305,7.1353,3.20,1.60
2009.12.09 07:31:40.010,7.13295,7.1353,3.20,1.60
2009.12.09 07:31:40.310,7.1329,7.1353,3.20,1.60
2009.12.09 07:31:40.610,7.133,7.1353,3.20,1.60
2009.12.09 07:31:41.780,7.13315,7.1353,3.20,1.60
2009.12.09 07:31:42.060,7.133,7.1353,3.20,1.60
2009.12.09 07:31:42.590,7.13295,7.1353,3.20,1.60
2009.12.09 07:31:42.930,7.133,7.1353,3.20,1.60
2009.12.09 07:31:43.099,7.13295,7.1353,3.20,1.60
2009.12.09 07:31:44.579,7.133,7.1353,3.20,1.60
2009.12.09 07:31:50.327,7.133,7.1355,3.20,1.60
2009.12.09 07:31:50.538,7.1331,7.1355,3.20,1.60
2009.12.09 07:31:51.128,7.1332,7.1355,3.20,1.60
2009.12.09 07:31:52.887,7.13325,7.1358,3.20,1.60
2009.12.09 07:31:53.167,7.1332,7.1358,3.20,1.60
2009.12.09 07:31:53.387,7.13325,7.1358,3.20,1.60
2009.12.09 07:31:53.617,7.1337,7.136,3.20,1.60
2009.12.09 07:31:54.727,7.13375,7.136,3.20,1.60
2009.12.09 07:31:55.926,7.1335,7.1358,3.20,1.60
2009.12.09 07:31:56.216,7.13355,7.1358,3.20,1.60
2009.12.09 07:31:56.917,7.13375,7.136,3.20,1.60
2009.12.09 07:31:57.486,7.13375,7.1358,3.20,1.60
2009.12.09 07:31:57.656,7.13365,7.1358,3.20,1.60
2009.12.09 07:31:57.876,7.1336,7.1355,3.20,1.60
2009.12.09 07:31:58.116,7.1333,7.1355,3.20,1.60
2009.12.09 07:31:58.276,7.13325,7.1355,3.20,1.60
2009.12.09 07:32:02.295,7.13325,7.1362,3.20,1.60
2009.12.09 07:32:05.534,7.13335,7.1365,3.20,1.60
2009.12.09 07:32:06.164,7.1334,7.1365,3.20,1.60
2009.12.09 07:32:07.694,7.1334,7.1364,3.20,1.60
2009.12.09 07:32:08.094,7.13335,7.1364,3.20,1.60
2009.12.09 07:32:08.323,7.1333,7.1364,3.20,1.60
2009.12.09 07:32:10.872,7.13335,7.1364,3.20,1.60
2009.12.09 07:32:12.132,7.1334,7.1364,3.20,1.60
2009.12.09 07:32:14.701,7.1336,7.1366,3.20,1.60
2009.12.09 07:32:15.322,7.1337,7.1366,3.20,1.60
2009.12.09 07:32:15.842,7.13365,7.1364,3.20,1.60
2009.12.09 07:32:16.181,7.13355,7.1364,3.20,1.60
2009.12.09 07:32:16.461,7.13365,7.1364,3.20,1.60
2009.12.09 07:32:16.821,7.1337,7.1369,3.20,1.60
2009.12.09 07:32:17.111,7.13375,7.1369,3.20,1.60
2009.12.09 07:32:17.401,7.13375,7.1366,3.20,1.60
2009.12.09 07:32:17.751,7.13375,7.1369,3.20,1.60
2009.12.09 07:32:18.091,7.1339,7.1369,3.20,1.60
2009.12.09 07:32:18.451,7.13375,7.1366,3.20,1.60
2009.12.09 07:32:19.151,7.13415,7.1371,3.20,1.60
2009.12.09 07:32:19.491,7.1338,7.1366,3.20,1.60
2009.12.09 07:32:19.791,7.13395,7.1369,3.20,1.60
2009.12.09 07:32:21.192,7.1334,7.1363,3.20,1.60
2009.12.09 07:32:21.480,7.1333,7.1363,3.20,1.60
2009.12.09 07:32:21.760,7.13335,7.1363,3.20,1.60
2009.12.09 07:32:22.090,7.1333,7.1363,3.20,1.60
2009.12.09 07:32:22.450,7.1332,7.1361,3.20,1.60
2009.12.09 07:32:23.660,7.13325,7.1361,3.20,1.60
2009.12.09 07:32:32.608,7.1339,7.13675,1.60,1.00
2009.12.09 07:32:32.897,7.1339,7.1369,1.60,1.60
2009.12.09 07:32:34.757,7.134,7.1364,1.00,1.00
2009.12.09 07:32:35.857,7.1342,7.1364,1.00,1.00
2009.12.09 07:32:36.786,7.1343,7.1364,1.00,1.00
2009.12.09 07:32:37.316,7.1344,7.1368,1.00,1.00
2009.12.09 07:32:37.596,7.1343,7.1364,1.00,1.00
2009.12.09 07:32:37.826,7.1344,7.1364,1.00,1.00
2009.12.09 07:32:38.516,7.1344,7.1368,1.00,1.00
2009.12.09 07:32:39.366,7.1343,7.1363,1.00,1.00
2009.12.09 07:32:39.716,7.1336,7.1366,4.80,1.60
2009.12.09 07:32:40.056,7.1336,7.1366,1.60,1.60
2009.12.09 07:32:43.385,7.1337,7.13695,1.60,3.20
2009.12.09 07:32:43.555,7.1337,7.137,1.60,1.60
2009.12.09 07:32:46.114,7.1336,7.1366,1.60,1.60
2009.12.09 07:32:50.543,7.1338,7.137,3.20,1.60
2009.12.09 07:32:50.713,7.1341,7.1371,1.60,1.60
2009.12.09 07:32:55.462,7.1342,7.13735,1.60,3.20
2009.12.09 07:32:55.703,7.1341,7.1371,1.60,1.60
2009.12.09 07:33:00.620,7.1336,7.1366,1.60,1.60
2009.12.09 07:33:09.938,7.1337,7.137,1.60,1.60
2009.12.09 07:33:10.968,7.1333,7.1365,1.60,1.60
2009.12.09 07:33:14.088,7.1331,7.1361,1.60,1.60
2009.12.09 07:33:21.156,7.1335,7.1361,1.00,1.60
2009.12.09 07:33:25.745,7.1335,7.136,1.00,1.60
2009.12.09 07:33:32.063,7.1335,7.1357,1.00,1.60
2009.12.09 07:33:46.350,7.1335,7.1356,1.00,1.60
2009.12.09 07:33:47.589,7.1335,7.1354,1.00,1.60
2009.12.09 07:33:48.150,7.1335,7.13565,1.00,3.20
2009.12.09 07:33:48.329,7.1335,7.1357,1.00,1.60
2009.12.09 07:33:49.009,7.1324,7.1357,1.60,1.60
2009.12.09 07:34:04.385,7.1326,7.1356,1.60,1.60
2009.12.09 07:34:12.113,7.13265,7.1356,3.20,1.60
2009.12.09 07:34:12.284,7.1331,7.1361,1.60,1.60
2009.12.09 07:34:12.574,7.1327,7.1359,1.60,1.60
2009.12.09 07:34:14.453,7.1326,7.1356,1.60,1.60
2009.12.09 07:34:19.991,7.1327,7.13585,1.60,3.20
2009.12.09 07:34:20.341,7.1327,7.1359,1.60,1.60
2009.12.09 07:34:21.551,7.1326,7.1356,1.60,1.60
2009.12.09 07:34:23.941,7.1326,7.1357,1.60,1.60
2009.12.09 07:34:27.380,7.1326,7.1356,1.60,1.60
2009.12.09 07:34:35.068,7.1327,7.1359,1.60,1.60
2009.12.09 07:34:46.425,7.1326,7.1359,4.80,1.60
2009.12.09 07:34:47.535,7.1326,7.1359,1.60,1.60
2009.12.09 07:34:47.715,7.1326,7.1359,4.80,1.60
2009.12.09 07:34:52.064,7.1326,7.1359,1.60,1.60
2009.12.09 07:34:52.704,7.1326,7.1359,4.80,1.60
2009.12.09 07:34:56.632,7.1325,7.1358,1.60,1.60
2009.12.09 07:34:56.923,7.1324,7.1357,4.80,1.60
2009.12.09 07:35:00.442,7.1324,7.1357,3.20,1.60
2009.12.09 07:35:01.232,7.1321,7.1352,3.20,1.60
2009.12.09 07:35:01.581,7.132,7.1352,3.20,1.60
2009.12.09 07:35:03.371,7.1323,7.1354,1.60,1.60
2009.12.09 07:35:03.721,7.1328,7.135,1.00,1.00
2009.12.09 07:35:03.931,7.1323,7.1354,1.60,1.60
2009.12.09 07:35:04.111,7.1328,7.135,1.00,1.00
2009.12.09 07:35:04.901,7.1323,7.1354,1.60,1.60
2009.12.09 07:35:05.250,7.1328,7.135,1.00,1.00
2009.12.09 07:35:05.421,7.1323,7.1345,1.00,1.00
2009.12.09 07:35:06.970,7.132,7.13525,1.60,3.20
2009.12.09 07:35:07.360,7.132,7.1353,1.60,4.80
2009.12.09 07:35:08.520,7.1323,7.1347,1.00,1.00
2009.12.09 07:35:14.888,7.1322,7.1355,1.60,4.80
2009.12.09 07:35:15.108,7.1328,7.1352,1.00,1.00
2009.12.09 07:35:15.798,7.1328,7.1359,1.60,3.20
2009.12.09 07:35:16.138,7.1328,7.13575,1.60,3.20
2009.12.09 07:35:16.878,7.1328,7.1359,1.60,3.20
2009.12.09 07:35:18.738,7.1328,7.1347,1.60,1.00
2009.12.09 07:35:18.908,7.13235,7.1358,3.20,1.60
2009.12.09 07:35:19.077,7.1327,7.13585,1.60,3.20
2009.12.09 07:35:19.427,7.1328,7.1352,1.00,1.00
2009.12.09 07:35:20.967,7.1323,7.13555,1.60,3.20
2009.12.09 07:35:22.906,7.1328,7.135,1.00,1.00
2009.12.09 07:35:23.146,7.1328,7.1357,1.60,3.20
2009.12.09 07:35:23.436,7.1328,7.1359,1.60,3.20
2009.12.09 07:35:24.226,7.1328,7.1347,1.60,1.00
2009.12.09 07:35:24.576,7.1328,7.13605,1.60,3.20
2009.12.09 07:35:24.956,7.1328,7.1352,1.00,1.00
2009.12.09 07:35:25.536,7.1327,7.1347,1.60,1.00
2009.12.09 07:35:25.826,7.1328,7.1352,1.00,1.00
2009.12.09 07:35:30.045,7.1325,7.1355,1.60,2.40
2009.12.09 07:35:30.335,7.1323,7.1347,1.00,1.00
2009.12.09 07:35:32.164,7.1318,7.134,1.00,1.00
2009.12.09 07:35:32.394,7.1318,7.134,1.70,1.00
2009.12.09 07:35:34.344,7.1318,7.135,1.60,4.80
2009.12.09 07:35:34.704,7.1318,7.1342,1.70,1.00
2009.12.09 07:35:34.993,7.1318,7.1342,1.00,1.00
2009.12.09 07:35:35.634,7.1314,7.1349,1.60,4.80
2009.12.09 07:35:35.933,7.1314,7.1345,1.60,3.20
2009.12.09 07:35:36.233,7.1314,7.13445,1.60,3.20
2009.12.09 07:35:36.573,7.1314,7.1338,1.70,1.00
2009.12.09 07:35:36.863,7.1314,7.1338,1.00,1.00
2009.12.09 07:35:38.233,7.1313,7.1343,1.60,6.20
2009.12.09 07:35:38.453,7.1309,7.1341,1.60,1.60
2009.12.09 07:35:38.743,7.1309,7.1333,1.00,1.00
2009.12.09 07:35:39.273,7.1309,7.13405,1.60,3.20
2009.12.09 07:35:39.953,7.1309,7.1331,1.00,1.00
2009.12.09 07:35:40.292,7.1309,7.13415,1.60,3.20
2009.12.09 07:35:41.012,7.1309,7.1341,1.60,3.20
2009.12.09 07:35:42.652,7.1314,7.1336,1.00,1.00
2009.12.09 07:35:43.162,7.1318,7.1336,1.60,1.00
2009.12.09 07:35:43.442,7.1318,7.134,1.70,1.00
2009.12.09 07:35:43.731,7.1318,7.13475,1.60,3.20
2009.12.09 07:35:44.021,7.1323,7.1349,1.60,3.20
2009.12.09 07:35:44.651,7.1319,7.1349,1.60,3.20
2009.12.09 07:35:45.031,7.1319,7.135,1.60,3.20
2009.12.09 07:35:45.381,7.1319,7.1342,1.60,1.00
2009.12.09 07:35:45.721,7.1318,7.135,1.60,5.60
2009.12.09 07:35:46.011,7.1314,7.13485,1.60,3.20
2009.12.09 07:35:46.361,7.1313,7.1345,1.60,1.60
2009.12.09 07:35:46.711,7.1313,7.1345,1.60,2.20
2009.12.09 07:35:47.061,7.1313,7.1341,1.60,1.00
2009.12.09 07:35:47.401,7.1313,7.1333,1.60,1.00
2009.12.09 07:35:47.750,7.1311,7.1335,1.80,1.00
2009.12.09 07:35:48.090,7.1313,7.1333,1.60,1.00
2009.12.09 07:35:48.440,7.1314,7.13355,1.60,3.20
2009.12.09 07:35:48.791,7.1314,7.1335,1.60,3.20
2009.12.09 07:35:49.190,7.1323,7.1335,1.00,3.20
2009.12.09 07:35:49.760,7.1311,7.13365,1.60,3.20
2009.12.09 07:35:50.110,7.1306,7.1338,1.60,3.20
2009.12.09 07:35:50.460,7.1309,7.1338,1.60,3.20
2009.12.09 07:35:50.680,7.1307,7.1338,1.60,3.20
2009.12.09 07:35:51.230,7.1309,7.13385,1.60,3.20
2009.12.09 07:35:51.579,7.1309,7.1339,1.60,3.20
2009.12.09 07:35:51.989,7.1309,7.134,1.60,3.20
2009.12.09 07:35:52.569,7.1305,7.134,4.80,1.00
2009.12.09 07:35:52.789,7.1309,7.1333,1.70,1.00
2009.12.09 07:35:53.029,7.1308,7.1341,1.60,1.60
2009.12.09 07:35:53.269,7.1314,7.1338,1.00,1.00
2009.12.09 07:35:54.579,7.1313,7.1341,1.60,3.20
2009.12.09 07:35:54.929,7.1314,7.1336,1.00,1.00
2009.12.09 07:35:55.529,7.1314,7.1336,1.00,1.00
2009.12.09 07:35:55.699,7.1314,7.1336,1.00,1.00
2009.12.09 07:35:55.869,7.1314,7.1336,1.00,1.00
2009.12.09 07:35:56.898,7.1313,7.1342,1.60,3.20
2009.12.09 07:35:57.248,7.1314,7.1336,1.00,1.00
2009.12.09 07:35:58.878,7.1313,7.1342,1.60,3.20
2009.12.09 07:35:59.228,7.1314,7.1336,1.00,1.00
2009.12.09 07:35:59.578,7.1314,7.1343,1.60,3.20
2009.12.09 07:35:59.917,7.1314,7.1344,1.60,3.20
2009.12.09 07:36:02.757,7.1314,7.1345,1.60,3.20
2009.12.09 07:36:03.047,7.1314,7.1338,1.60,1.00
2009.12.09 07:36:03.267,7.1314,7.1338,1.70,1.00
2009.12.09 07:36:03.537,7.1314,7.1338,1.00,1.00
2009.12.09 07:36:05.836,7.1313,7.13425,1.60,3.20
2009.12.09 07:36:05.896,7.1314,7.1336,1.00,1.00
2009.12.09 07:36:06.076,7.1314,7.1336,1.00,1.00
2009.12.09 07:36:08.505,7.1313,7.13425,1.60,3.20
2009.12.09 07:36:08.735,7.1314,7.1336,1.00,1.00
2009.12.09 07:36:10.835,7.1313,7.13425,1.60,3.20
2009.12.09 07:36:11.405,7.1314,7.1336,1.00,1.00
2009.12.09 07:36:11.925,7.1313,7.13425,1.60,3.20
2009.12.09 07:36:12.205,7.1314,7.1336,1.00,1.00
2009.12.09 07:36:12.544,7.1314,7.13435,1.60,3.20
2009.12.09 07:36:12.894,7.1314,7.1343,1.60,3.20
2009.12.09 07:36:13.234,7.1314,7.1344,1.60,3.20
2009.12.09 07:36:19.463,7.1318,7.134,1.60,1.00
2009.12.09 07:36:19.813,7.1314,7.1347,1.60,4.80
2009.12.09 07:36:20.153,7.1314,7.1345,1.60,3.20
2009.12.09 07:36:20.383,7.1314,7.1344,1.60,3.20
2009.12.09 07:36:23.992,7.1314,7.13445,1.60,3.20
2009.12.09 07:36:24.932,7.1314,7.13455,1.60,3.20
2009.12.09 07:36:27.141,7.1314,7.1345,1.60,3.20
2009.12.09 07:36:27.541,7.1314,7.1345,1.60,4.00
2009.12.09 07:36:27.761,7.1314,7.1338,1.70,1.00
2009.12.09 07:36:27.931,7.1314,7.1338,1.00,1.00
2009.12.09 07:36:28.111,7.1313,7.1345,1.60,3.20
2009.12.09 07:36:28.351,7.1314,7.13455,1.60,3.20
2009.12.09 07:36:28.521,7.1314,7.1346,1.60,3.20
2009.12.09 07:36:35.299,7.1314,7.13435,1.60,3.20
2009.12.09 07:36:35.809,7.1314,7.1344,1.60,3.20
2009.12.09 07:36:36.039,7.1314,7.13435,1.60,3.20
2009.12.09 07:36:36.319,7.1314,7.1344,1.60,3.20
2009.12.09 07:36:36.559,7.1314,7.13435,1.60,3.20
2009.12.09 07:36:36.858,7.1316,7.1344,1.60,3.20
2009.12.09 07:36:37.138,7.1316,7.1346,1.60,3.20
2009.12.09 07:36:37.428,7.1316,7.1345,1.60,3.20
2009.12.09 07:36:37.708,7.1319,7.1345,1.60,3.20
2009.12.09 07:36:37.938,7.1326,7.13475,1.60,3.20
2009.12.09 07:36:38.218,7.1326,7.1354,1.60,1.00
2009.12.09 07:36:44.507,7.1328,7.13585,1.60,3.20
2009.12.09 07:36:44.836,7.1328,7.13595,1.60,3.80
2009.12.09 07:36:55.204,7.1326,7.1355,1.60,1.00
2009.12.09 07:37:00.563,7.1326,7.13575,1.60,2.40
2009.12.09 07:37:00.783,7.1326,7.1355,1.60,1.00
2009.12.09 07:37:02.842,7.13235,7.1355,3.20,1.00
2009.12.09 07:37:03.132,7.1323,7.1355,1.60,1.00
2009.12.09 07:37:06.471,7.1323,7.1355,1.60,3.80
2009.12.09 07:37:06.761,7.1323,7.1355,1.60,1.00
2009.12.09 07:37:07.051,7.1323,7.1355,1.60,3.80
2009.12.09 07:37:08.011,7.1323,7.1355,1.60,1.00
2009.12.09 07:37:08.191,7.1323,7.1355,1.60,3.80
2009.12.09 07:37:08.411,7.1323,7.1355,1.60,1.00
2009.12.09 07:37:08.631,7.1323,7.1355,1.60,3.80
2009.12.09 07:37:09.441,7.1321,7.135,1.60,1.00
2009.12.09 07:37:12.031,7.1318,7.135,1.60,1.00
2009.12.09 07:37:12.260,7.1318,7.13455,1.60,1.00
2009.12.09 07:37:12.540,7.1317,7.13455,1.60,1.00
2009.12.09 07:37:14.090,7.1317,7.1345,1.60,3.20
2009.12.09 07:37:14.479,7.1312,7.13405,1.60,1.00
2009.12.09 07:37:19.318,7.1314,7.13395,1.60,1.00
2009.12.09 07:37:19.609,7.1313,7.1344,1.60,1.00
2009.12.09 07:37:20.198,7.1317,7.1344,1.60,1.00
2009.12.09 07:37:21.508,7.1313,7.1344,1.60,1.00
2009.12.09 07:37:23.687,7.1313,7.1343,1.60,2.40
2009.12.09 07:37:23.988,7.1312,7.13405,1.60,1.00
2009.12.09 07:37:24.627,7.13085,7.13405,3.20,1.00
2009.12.09 07:37:24.967,7.1308,7.13355,1.60,1.00
2009.12.09 07:37:25.307,7.1304,7.13355,4.80,1.00
2009.12.09 07:37:25.707,7.1304,7.13355,1.60,1.00
2009.12.09 07:37:26.966,7.1302,7.1333,3.20,1.60
2009.12.09 07:37:27.996,7.1303,7.13345,1.60,1.00
2009.12.09 07:37:28.266,7.1302,7.1333,3.20,1.60
2009.12.09 07:37:30.936,7.13035,7.13345,3.20,1.00
2009.12.09 07:37:32.205,7.1303,7.13345,1.60,1.00
2009.12.09 07:37:32.486,7.1302,7.1331,3.20,1.00
2009.12.09 07:37:32.766,7.12995,7.133,3.20,1.60
2009.12.09 07:37:35.524,7.13,7.133,3.20,1.60
2009.12.09 07:37:36.204,7.13025,7.133,3.20,1.60
2009.12.09 07:37:36.494,7.13035,7.1333,3.20,1.60
2009.12.09 07:37:36.784,7.13025,7.1333,3.20,1.60
2009.12.09 07:37:37.024,7.1302,7.1333,3.20,1.60
2009.12.09 07:37:37.644,7.1303,7.1333,3.20,1.60
2009.12.09 07:37:37.994,7.1303,7.1335,4.80,2.20
2009.12.09 07:37:38.713,7.1308,7.134,1.60,2.20
2009.12.09 07:37:38.984,7.1305,7.1338,1.60,1.60
2009.12.09 07:37:39.224,7.1306,7.1338,3.20,1.60
2009.12.09 07:37:39.463,7.13055,7.1338,3.20,1.60
2009.12.09 07:37:39.813,7.1305,7.1337,3.20,1.60
2009.12.09 07:37:40.213,7.13055,7.1337,3.20,1.60
2009.12.09 07:37:42.603,7.13055,7.13355,3.20,1.00
2009.12.09 07:37:42.773,7.13035,7.1332,3.20,1.60
2009.12.09 07:37:43.472,7.13035,7.1325,3.20,1.00
2009.12.09 07:37:43.653,7.13035,7.1321,3.20,1.60
2009.12.09 07:37:43.832,7.1301,7.1321,3.20,1.60
2009.12.09 07:37:44.123,7.12855,7.1321,3.20,1.60
2009.12.09 07:37:45.402,7.12865,7.1319,3.20,1.60
2009.12.09 07:37:45.982,7.1286,7.1319,5.70,1.60
2009.12.09 07:37:46.792,7.1291,7.1314,1.00,1.00
2009.12.09 07:37:47.082,7.1291,7.1315,1.00,1.00
2009.12.09 07:37:48.671,7.1291,7.1314,1.00,1.00
2009.12.09 07:37:49.071,7.1291,7.1314,1.00,1.00
2009.12.09 07:37:49.881,7.1286,7.1313,3.20,1.60
2009.12.09 07:37:50.111,7.1287,7.1316,1.60,3.20
2009.12.09 07:37:50.491,7.1284,7.1315,1.60,1.60
2009.12.09 07:37:52.950,7.1288,7.1312,1.00,1.00
2009.12.09 07:37:53.690,7.1288,7.1311,1.00,1.00
2009.12.09 07:37:57.129,7.1284,7.1315,1.60,1.60
2009.12.09 07:37:57.399,7.1288,7.1311,1.00,1.00
2009.12.09 07:37:57.759,7.1284,7.1306,1.60,1.00
2009.12.09 07:37:57.989,7.1281,7.1313,1.60,1.60
2009.12.09 07:37:58.209,7.12805,7.1313,3.20,1.60
2009.12.09 07:37:59.249,7.1288,7.1311,1.00,1.00
2009.12.09 07:38:06.317,7.12815,7.1313,3.20,1.60
2009.12.09 07:38:06.597,7.12805,7.1313,3.20,1.60
2009.12.09 07:38:11.966,7.1288,7.1311,1.00,1.00
2009.12.09 07:38:15.155,7.1293,7.1316,1.00,1.00
2009.12.09 07:38:41.829,7.129,7.1323,1.60,4.80
2009.12.09 07:38:42.009,7.129,7.1323,1.60,1.60
2009.12.09 07:38:42.229,7.1297,7.132,1.00,1.00
2009.12.09 07:38:42.558,7.1293,7.1325,1.60,1.60
2009.12.09 07:38:42.788,7.129,7.1323,1.60,1.60
2009.12.09 07:38:49.627,7.1293,7.1325,1.60,1.60
2009.12.09 07:38:49.907,7.1297,7.132,1.00,1.00
2009.12.09 07:38:50.256,7.1293,7.1325,1.60,1.60
2009.12.09 07:38:50.537,7.1291,7.1323,3.20,1.60
2009.12.09 07:38:50.776,7.12905,7.1323,3.20,1.60
2009.12.09 07:38:51.286,7.129,7.1323,4.80,1.60
2009.12.09 07:38:55.096,7.129,7.1323,1.60,1.60
2009.12.09 07:39:00.904,7.1293,7.1316,1.00,1.00
2009.12.09 07:39:01.244,7.129,7.1313,1.00,1.00
2009.12.09 07:39:02.064,7.1289,7.1311,1.60,1.00
2009.12.09 07:39:02.353,7.1293,7.1316,1.00,1.00
2009.12.09 07:39:02.694,7.129,7.1313,1.00,1.00
2009.12.09 07:39:04.103,7.1288,7.1311,1.00,1.00
2009.12.09 07:39:04.333,7.129,7.1313,1.00,1.00
2009.12.09 07:39:05.033,7.1288,7.1311,1.00,1.00
2009.12.09 07:39:06.402,7.1283,7.1306,1.00,1.00
2009.12.09 07:39:06.793,7.1283,7.1306,1.00,1.00
2009.12.09 07:39:07.432,7.12775,7.1308,3.20,1.60
2009.12.09 07:39:08.643,7.1279,7.1302,1.00,1.00
2009.12.09 07:39:09.402,7.1273,7.1303,3.20,1.60
2009.12.09 07:39:09.732,7.1271,7.1303,1.60,1.60
2009.12.09 07:39:10.072,7.12685,7.1303,3.20,1.60
2009.12.09 07:39:10.461,7.12695,7.1303,3.20,1.60
2009.12.09 07:39:10.792,7.1269,7.1303,3.20,1.60
2009.12.09 07:39:11.252,7.1268,7.1303,3.20,1.60
2009.12.09 07:39:12.881,7.1267,7.13025,3.20,3.20
2009.12.09 07:39:13.111,7.1267,7.1299,3.20,1.60
2009.12.09 07:39:13.341,7.1269,7.1292,1.00,1.00
2009.12.09 07:39:13.581,7.1264,7.1296,1.60,1.60
2009.12.09 07:39:13.801,7.1266,7.1299,1.60,1.60
2009.12.09 07:39:14.021,7.1266,7.1298,1.60,3.20
2009.12.09 07:39:14.601,7.1266,7.1299,1.60,1.60
2009.12.09 07:39:14.961,7.1266,7.1299,1.60,4.80
2009.12.09 07:39:16.011,7.1264,7.1296,4.80,1.60
2009.12.09 07:39:16.331,7.1269,7.1292,1.00,1.00
2009.12.09 07:39:18.580,7.1264,7.1296,1.60,1.60
2009.12.09 07:39:18.690,7.1265,7.1296,1.00,1.60
2009.12.09 07:39:18.860,7.1271,7.1302,1.60,1.00
2009.12.09 07:39:18.980,7.1271,7.13015,1.60,1.60
2009.12.09 07:39:19.550,7.12695,7.1301,3.20,2.20
2009.12.09 07:39:19.879,7.1269,7.1294,1.60,1.00
2009.12.09 07:39:20.240,7.1269,7.1294,1.00,1.00
2009.12.09 07:39:20.579,7.1268,7.13015,1.60,3.20
2009.12.09 07:39:21.149,7.1274,7.1297,1.00,1.00
2009.12.09 07:39:21.499,7.1275,7.1301,1.00,1.00
2009.12.09 07:39:22.659,7.1277,7.1297,1.00,1.00
2009.12.09 07:39:22.949,7.1282,7.1307,1.00,1.00
2009.12.09 07:39:23.299,7.1271,7.13095,4.80,1.00
2009.12.09 07:39:23.978,7.1281,7.1305,1.00,1.00
2009.12.09 07:39:25.048,7.1282,7.1301,1.00,1.00
2009.12.09 07:39:25.388,7.1283,7.1305,1.00,1.00
2009.12.09 07:39:25.738,7.1287,7.1306,1.00,1.00
2009.12.09 07:39:27.268,7.1292,7.1311,1.00,1.00
2009.12.09 07:39:27.558,7.1293,7.1315,1.00,1.00
2009.12.09 07:39:28.187,7.1287,7.132,1.60,1.60
2009.12.09 07:39:28.527,7.1291,7.1323,1.60,1.60
2009.12.09 07:39:29.857,7.1296,7.1318,1.00,1.00
2009.12.09 07:39:30.207,7.1295,7.1314,1.00,1.00
2009.12.09 07:39:30.917,7.1296,7.1314,1.00,1.00
2009.12.09 07:39:31.547,7.1297,7.1318,1.00,1.00
2009.12.09 07:39:31.827,7.1293,7.13165,1.00,1.00
2009.12.09 07:39:32.236,7.1288,7.1309,1.70,1.00
2009.12.09 07:39:32.636,7.1293,7.1319,1.00,1.00
2009.12.09 07:39:33.317,7.1292,7.1314,1.00,1.00
2009.12.09 07:39:33.676,7.1297,7.13165,1.00,1.60
2009.12.09 07:39:34.026,7.1297,7.1317,1.00,1.00
2009.12.09 07:39:35.806,7.1297,7.1316,1.00,1.00
2009.12.09 07:39:47.573,7.1292,7.1311,1.00,1.00
2009.12.09 07:39:48.143,7.1292,7.1311,1.00,1.00
2009.12.09 07:39:48.592,7.1288,7.131,1.00,1.00
2009.12.09 07:39:48.942,7.1288,7.131,1.00,1.00
2009.12.09 07:39:49.793,7.1292,7.1311,1.00,1.00
2009.12.09 07:39:50.142,7.1292,7.1311,1.00,1.00
2009.12.09 07:39:57.510,7.1287,7.1306,1.00,1.00
2009.12.09 07:40:00.289,7.1288,7.131,1.00,1.00
2009.12.09 07:40:01.969,7.1283,7.13155,1.60,3.20
2009.12.09 07:40:02.589,7.1287,7.1308,1.00,1.00
2009.12.09 07:40:03.219,7.1283,7.1307,1.00,1.00
2009.12.09 07:40:03.859,7.1287,7.1306,1.00,1.00
2009.12.09 07:40:05.129,7.1282,7.1301,1.00,1.00
2009.12.09 07:40:05.778,7.1287,7.1306,1.00,1.00
2009.12.09 07:40:16.176,7.1288,7.131,1.00,1.00
2009.12.09 07:40:17.906,7.1281,7.1312,1.60,1.60
2009.12.09 07:40:18.195,7.1281,7.13075,1.60,3.20
2009.12.09 07:40:18.475,7.1281,7.1312,1.60,1.60
2009.12.09 07:40:18.755,7.1281,7.13115,1.60,1.60
2009.12.09 07:40:19.035,7.1278,7.1311,1.60,1.60
2009.12.09 07:40:19.545,7.1283,7.1306,1.00,1.00
2009.12.09 07:40:20.505,7.1272,7.1305,1.60,1.60
2009.12.09 07:40:22.245,7.1274,7.13045,1.60,3.20
2009.12.09 07:40:22.535,7.1271,7.1304,1.60,1.60
2009.12.09 07:40:23.444,7.1278,7.1302,1.00,1.00
2009.12.09 07:40:23.794,7.1278,7.1302,1.00,1.00
2009.12.09 07:40:24.764,7.1279,7.1302,1.00,1.00
2009.12.09 07:40:25.044,7.1279,7.1302,1.00,1.00
2009.12.09 07:40:28.043,7.1283,7.1305,1.00,1.60
2009.12.09 07:40:28.203,7.1283,7.1306,1.00,1.00
2009.12.09 07:40:29.003,7.1283,7.1306,1.00,1.00
2009.12.09 07:40:29.403,7.1283,7.1306,1.00,1.00
2009.12.09 07:40:29.742,7.1276,7.1309,4.80,1.60
2009.12.09 07:40:30.122,7.1276,7.1309,1.60,1.60
2009.12.09 07:40:30.472,7.1283,7.1306,1.00,1.00
2009.12.09 07:40:31.232,7.1276,7.1308,1.60,1.60
2009.12.09 07:40:31.452,7.1283,7.1306,1.00,1.00
2009.12.09 07:40:32.332,7.1283,7.1307,1.00,1.00
2009.12.09 07:40:34.191,7.1276,7.1308,1.60,1.60
2009.12.09 07:40:35.561,7.1283,7.1306,1.00,1.00
2009.12.09 07:40:35.901,7.1276,7.1308,1.60,1.60
2009.12.09 07:40:39.390,7.1279,7.1302,1.00,1.00
2009.12.09 07:40:39.570,7.1274,7.1305,1.60,1.60
2009.12.09 07:40:39.800,7.12725,7.1299,3.20,1.60
2009.12.09 07:40:40.150,7.1267,7.1299,1.60,1.60
2009.12.09 07:40:40.890,7.1269,7.13005,1.60,3.20
2009.12.09 07:40:41.180,7.1269,7.1302,1.60,1.60
2009.12.09 07:40:42.640,7.1275,7.1299,1.00,1.00
2009.12.09 07:40:43.209,7.1275,7.1298,1.00,1.00
2009.12.09 07:40:44.929,7.1275,7.1297,1.00,1.00
2009.12.09 07:40:46.858,7.1279,7.1298,1.00,1.00
2009.12.09 07:40:53.357,7.1279,7.1301,1.00,1.00
2009.12.09 07:40:53.707,7.1279,7.1301,1.00,1.00
2009.12.09 07:40:54.386,7.1283,7.1302,1.00,1.00
2009.12.09 07:40:56.376,7.1288,7.1307,1.00,1.00
2009.12.09 07:41:01.345,7.1289,7.1311,1.00,1.00
2009.12.09 07:41:02.335,7.1288,7.1307,1.00,1.00
2009.12.09 07:41:03.584,7.1289,7.1311,1.00,1.00
2009.12.09 07:41:04.404,7.1288,7.1307,1.00,1.00
2009.12.09 07:41:04.784,7.1289,7.1311,1.00,1.00
2009.12.09 07:41:09.063,7.1288,7.1307,1.00,1.00
2009.12.09 07:41:10.643,7.1289,7.1311,1.00,1.00
2009.12.09 07:41:12.632,7.1288,7.1307,1.00,1.00
2009.12.09 07:41:13.662,7.1291,7.131,1.00,1.00
2009.12.09 07:41:13.962,7.1288,7.1307,1.00,1.00
2009.12.09 07:41:15.082,7.1289,7.1311,1.00,1.00
2009.12.09 07:41:15.441,7.1289,7.1311,1.00,1.00
2009.12.09 07:41:16.691,7.1293,7.1312,1.00,1.00
2009.12.09 07:41:18.741,7.1292,7.1312,1.00,1.00
2009.12.09 07:41:20.950,7.1294,7.1313,1.00,1.00
2009.12.09 07:41:21.240,7.1293,7.1315,1.00,1.00
2009.12.09 07:41:21.530,7.1293,7.1315,1.00,1.00
2009.12.09 07:41:30.128,7.1297,7.1316,1.00,1.00
2009.12.09 07:41:30.478,7.1293,7.1315,1.00,1.00
2009.12.09 07:41:31.158,7.1297,7.1316,1.00,1.00
2009.12.09 07:41:31.518,7.1297,7.1316,1.00,1.00
2009.12.09 07:41:35.967,7.1302,7.1321,1.00,1.00
2009.12.09 07:41:36.256,7.1302,7.1321,1.00,1.00
2009.12.09 07:41:39.006,7.1298,7.132,1.00,1.00
2009.12.09 07:41:41.675,7.1302,7.1321,1.00,1.00
2009.12.09 07:41:41.895,7.1298,7.132,1.00,1.00
2009.12.09 07:41:42.175,7.1298,7.132,1.00,1.00
2009.12.09 07:41:43.255,7.1302,7.1321,1.00,1.00
2009.12.09 07:41:50.653,7.1297,7.1316,1.00,1.00
2009.12.09 07:42:04.280,7.1298,7.132,1.00,1.00
2009.12.09 07:42:11.068,7.1297,7.1316,1.00,1.00
2009.12.09 07:42:15.237,7.1292,7.1311,1.00,1.00
2009.12.09 07:42:15.937,7.1288,7.131,1.00,1.00
2009.12.09 07:42:23.815,7.1295,7.1315,1.00,1.60
2009.12.09 07:42:24.045,7.1295,7.1316,1.00,1.00
2009.12.09 07:42:24.275,7.1291,7.1315,1.00,1.00
2009.12.09 07:42:26.334,7.1288,7.1322,1.60,1.60
2009.12.09 07:42:26.855,7.1292,7.1313,1.00,1.00
2009.12.09 07:42:27.134,7.1297,7.1318,1.00,1.00
2009.12.09 07:42:27.474,7.1298,7.1322,1.00,1.00
2009.12.09 07:42:28.504,7.1297,7.1316,1.00,1.00
2009.12.09 07:42:33.383,7.1298,7.132,1.00,1.00
2009.12.09 07:42:37.572,7.1302,7.1321,1.00,1.00
2009.12.09 07:42:38.022,7.1298,7.132,1.00,1.00
2009.12.09 07:42:40.401,7.1302,7.1321,1.00,1.00
2009.12.09 07:42:40.691,7.1302,7.1321,1.00,1.00
2009.12.09 07:42:41.971,7.1298,7.132,1.00,1.00
2009.12.09 07:42:42.710,7.1292,7.1324,1.60,1.60
2009.12.09 07:42:43.060,7.12905,7.132,3.20,1.00
2009.12.09 07:42:43.410,7.1292,7.13225,1.60,1.00
2009.12.09 07:42:43.750,7.1298,7.132,1.00,1.00
2009.12.09 07:42:44.810,7.1297,7.1316,1.00,1.00
2009.12.09 07:42:46.810,7.1298,7.132,1.00,1.00
2009.12.09 07:42:47.100,7.1302,7.1321,1.00,1.00
2009.12.09 07:42:49.219,7.1297,7.1316,1.00,1.00
2009.12.09 07:42:49.439,7.1298,7.132,1.00,1.00
2009.12.09 07:42:50.549,7.1297,7.1316,1.00,1.00
2009.12.09 07:42:54.668,7.1293,7.1315,1.00,1.00
2009.12.09 07:43:17.622,7.1297,7.1316,1.00,1.00
2009.12.09 07:43:19.352,7.1296,7.1315,1.00,1.00
2009.12.09 07:43:20.671,7.1292,7.1314,1.00,1.00
2009.12.09 07:43:24.350,7.1296,7.1315,1.00,1.00
2009.12.09 07:43:28.780,7.1297,7.1319,1.00,1.00
2009.12.09 07:43:29.009,7.1296,7.1315,1.00,1.00
2009.12.09 07:43:29.699,7.1297,7.1319,1.00,1.00
2009.12.09 07:43:32.998,7.1296,7.1315,1.00,1.00
2009.12.09 07:43:33.228,7.1296,7.1315,1.00,1.00
2009.12.09 07:43:33.718,7.1301,7.132,1.00,1.00
2009.12.09 07:43:34.588,7.1297,7.1319,1.00,1.00
2009.12.09 07:43:34.868,7.1301,7.132,1.00,1.00
2009.12.09 07:43:36.118,7.1297,7.1319,1.00,1.00
2009.12.09 07:43:45.256,7.1301,7.132,1.00,1.00
2009.12.09 07:43:46.125,7.1306,7.1325,1.00,1.00
2009.12.09 07:43:56.563,7.131,7.1329,1.00,1.00
2009.12.09 07:43:57.703,7.1308,7.1327,1.00,1.00
2009.12.09 07:43:58.062,7.131,7.1329,1.00,1.00
2009.12.09 07:44:00.712,7.1311,7.1333,1.00,1.00
2009.12.09 07:44:02.101,7.131,7.1329,1.00,1.00
2009.12.09 07:44:02.441,7.1311,7.1333,1.00,1.00
2009.12.09 07:44:03.391,7.131,7.1329,1.00,1.00
2009.12.09 07:44:07.071,7.1306,7.1325,1.00,1.00
2009.12.09 07:44:07.410,7.1306,7.1325,1.00,1.00
2009.12.09 07:44:07.770,7.1307,7.1329,1.00,1.00
2009.12.09 07:44:09.420,7.1306,7.1325,1.00,1.00
2009.12.09 07:44:10.290,7.1307,7.1329,1.00,1.00
2009.12.09 07:44:11.201,7.1306,7.1325,1.00,1.00
2009.12.09 07:44:16.098,7.1302,7.1324,1.00,1.00
2009.12.09 07:44:17.168,7.1301,7.132,1.00,1.00
2009.12.09 07:44:17.518,7.1301,7.132,1.00,1.00
2009.12.09 07:44:18.608,7.1302,7.1324,1.00,1.00
2009.12.09 07:44:19.189,7.1306,7.1325,1.00,1.00
2009.12.09 07:44:25.286,7.1307,7.1329,1.00,1.00
2009.12.09 07:44:28.005,7.1306,7.1325,1.00,1.00
2009.12.09 07:44:28.735,7.1307,7.1329,1.00,1.00
2009.12.09 07:44:29.135,7.1311,7.1333,1.00,1.00
2009.12.09 07:44:29.435,7.1315,7.1334,1.00,1.00
2009.12.09 07:44:34.535,7.1311,7.1333,1.00,1.00
2009.12.09 07:44:36.523,7.131,7.1329,1.00,1.00
2009.12.09 07:44:37.143,7.1311,7.1333,1.00,1.00
2009.12.09 07:44:37.473,7.131,7.1329,1.00,1.00
2009.12.09 07:44:39.133,7.1311,7.1333,1.00,1.00
2009.12.09 07:44:40.602,7.131,7.1329,1.00,1.00
2009.12.09 07:44:42.543,7.1306,7.1325,1.00,1.00
2009.12.09 07:44:44.851,7.1302,7.1324,1.00,1.00
2009.12.09 07:44:46.871,7.1301,7.132,1.00,1.00
2009.12.09 07:44:50.460,7.1302,7.1324,1.00,1.00
2009.12.09 07:44:50.620,7.1302,7.1324,1.00,1.00
2009.12.09 07:44:58.828,7.1301,7.132,1.00,1.00
2009.12.09 07:44:59.108,7.1302,7.1324,1.00,1.00
2009.12.09 07:45:05.556,7.1306,7.1325,1.00,1.00
2009.12.09 07:45:11.845,7.1307,7.1326,1.00,1.00
2009.12.09 07:45:15.894,7.1311,7.133,1.00,1.00
2009.12.09 07:45:16.195,7.1312,7.1334,1.00,1.70
2009.12.09 07:45:16.474,7.1312,7.1334,1.00,1.00
2009.12.09 07:45:17.624,7.1316,7.1335,1.00,1.00
2009.12.09 07:45:22.122,7.1312,7.1334,1.00,1.00
2009.12.09 07:45:22.302,7.1311,7.133,1.00,1.00
2009.12.09 07:45:22.962,7.1312,7.1334,1.00,1.00
2009.12.09 07:45:23.882,7.1311,7.133,1.00,1.00
2009.12.09 07:45:25.881,7.1308,7.133,1.00,1.00
2009.12.09 07:45:26.281,7.1302,7.1324,1.00,1.00
2009.12.09 07:45:26.621,7.1301,7.132,1.70,1.00
2009.12.09 07:45:27.021,7.1301,7.132,1.00,1.00
2009.12.09 07:45:32.050,7.1302,7.1324,1.00,1.00
2009.12.09 07:45:35.409,7.1301,7.132,1.00,1.00
2009.12.09 07:45:40.388,7.1302,7.1321,1.00,1.00
2009.12.09 07:45:40.728,7.1303,7.1325,1.00,1.00
2009.12.09 07:45:41.077,7.1307,7.1326,1.00,1.00
2009.12.09 07:45:44.217,7.1302,7.1321,1.00,1.00
2009.12.09 07:45:44.337,7.1307,7.1326,1.00,1.00
2009.12.09 07:45:45.816,7.1308,7.133,1.00,1.00
2009.12.09 07:45:46.177,7.12965,7.133,1.00,1.60
2009.12.09 07:45:46.416,7.1301,7.1325,1.00,1.00
2009.12.09 07:45:46.936,7.1305,7.1326,1.00,1.00
2009.12.09 07:45:47.636,7.1293,7.1326,3.20,1.60
2009.12.09 07:45:48.915,7.1296,7.1329,1.60,1.60
2009.12.09 07:45:49.256,7.12965,7.1329,1.00,1.60
2009.12.09 07:45:49.436,7.1299,7.1331,1.60,1.60
2009.12.09 07:45:49.775,7.1304,7.1328,1.00,1.00
2009.12.09 07:45:50.715,7.12965,7.1329,3.20,1.60
2009.12.09 07:45:51.066,7.1297,7.1329,3.20,1.60
2009.12.09 07:45:51.765,7.12965,7.1329,3.20,1.60
2009.12.09 07:45:52.105,7.12975,7.1329,3.20,1.60
2009.12.09 07:45:52.675,7.1296,7.1329,4.80,1.60
2009.12.09 07:45:54.244,7.1296,7.1329,1.60,4.80
2009.12.09 07:45:57.553,7.12945,7.1324,1.00,1.60
2009.12.09 07:45:57.733,7.1291,7.1324,1.60,1.60
2009.12.09 07:45:58.723,7.1291,7.1324,1.60,4.80
2009.12.09 07:45:59.643,7.1295,7.1317,1.00,1.00
2009.12.09 07:46:00.223,7.1283,7.1308,1.60,1.60
2009.12.09 07:46:00.513,7.1278,7.1309,3.20,1.60
2009.12.09 07:46:00.853,7.1288,7.1309,3.20,1.60
2009.12.09 07:46:01.193,7.1288,7.1319,3.20,1.60
2009.12.09 07:46:01.543,7.12875,7.1318,3.20,1.60
2009.12.09 07:46:02.252,7.12895,7.1317,3.20,1.60
2009.12.09 07:46:02.362,7.129,7.1317,3.20,1.60
2009.12.09 07:46:03.262,7.12915,7.132,3.20,1.60
2009.12.09 07:46:04.182,7.1291,7.1319,3.20,1.60
2009.12.09 07:46:06.271,7.129,7.1319,3.20,1.60
2009.12.09 07:46:06.501,7.12915,7.1319,3.20,1.60
2009.12.09 07:46:06.791,7.129,7.13105,3.20,3.20
2009.12.09 07:46:07.131,7.1269,7.1302,3.20,1.60
2009.12.09 07:46:07.491,7.12675,7.1302,3.20,1.60
2009.12.09 07:46:08.181,7.12705,7.1297,3.20,1.60
2009.12.09 07:46:08.361,7.1272,7.1307,2.50,1.60
2009.12.09 07:46:09.821,7.12715,7.1302,3.20,1.60
2009.12.09 07:46:10.211,7.1272,7.1305,2.50,1.60
2009.12.09 07:46:12.570,7.1275,7.1307,1.60,1.60
2009.12.09 07:46:13.080,7.1275,7.1307,4.80,1.60
2009.12.09 07:46:14.060,7.1291,7.1324,3.20,1.60
2009.12.09 07:46:14.299,7.12905,7.1324,3.20,1.60
2009.12.09 07:46:14.920,7.12905,7.1308,3.20,1.60
2009.12.09 07:46:15.089,7.1268,7.1307,1.60,1.60
2009.12.09 07:46:19.748,7.1276,7.13,1.00,1.00
2009.12.09 07:46:20.928,7.1274,7.1306,1.60,1.60
2009.12.09 07:46:21.278,7.1281,7.1305,1.00,1.00
2009.12.09 07:46:21.858,7.1281,7.1304,1.00,1.00
2009.12.09 07:46:26.787,7.12815,7.1304,1.00,1.00
2009.12.09 07:46:27.266,7.12955,7.1325,3.20,2.40
2009.12.09 07:46:27.497,7.12955,7.1333,3.20,1.00
2009.12.09 07:46:29.046,7.12995,7.1326,3.20,1.60
2009.12.09 07:46:35.125,7.12995,7.1329,3.20,1.60
2009.12.09 07:46:35.465,7.1302,7.1331,3.20,1.60
2009.12.09 07:46:35.804,7.1304,7.1331,3.20,1.60
2009.12.09 07:46:36.674,7.1303,7.1329,3.20,1.60
2009.12.09 07:46:37.224,7.1302,7.1329,3.20,1.60
2009.12.09 07:46:37.514,7.13015,7.1329,3.20,1.60
2009.12.09 07:46:41.273,7.1301,7.1326,3.20,1.60
2009.12.09 07:46:41.563,7.13,7.1326,3.20,1.60
2009.12.09 07:46:42.423,7.1301,7.1329,3.20,1.60
2009.12.09 07:46:42.773,7.1301,7.1331,3.20,1.60
2009.12.09 07:46:43.123,7.1304,7.1331,3.20,1.60
2009.12.09 07:46:44.853,7.13025,7.1329,3.20,1.60
2009.12.09 07:46:45.312,7.1302,7.1329,3.20,1.60
2009.12.09 07:46:46.182,7.13015,7.1329,3.20,1.60
2009.12.09 07:46:46.772,7.13005,7.1329,3.20,1.60
2009.12.09 07:46:47.062,7.13005,7.1326,3.20,1.60
2009.12.09 07:46:47.351,7.12995,7.1326,3.20,1.60
2009.12.09 07:46:54.240,7.13015,7.1329,3.20,1.60
2009.12.09 07:46:54.580,7.1301,7.1329,3.20,1.60
2009.12.09 07:46:55.510,7.13,7.1324,3.20,1.60
2009.12.09 07:46:55.850,7.1301,7.1329,3.20,1.60
2009.12.09 07:46:56.669,7.12995,7.1326,3.20,1.60
2009.12.09 07:46:57.009,7.12995,7.1324,3.20,1.60
2009.12.09 07:46:57.279,7.12985,7.1324,3.20,1.60
2009.12.09 07:46:59.818,7.1296,7.1324,6.40,1.60
2009.12.09 07:47:00.219,7.1296,7.1331,3.20,2.50
2009.12.09 07:47:00.518,7.12955,7.1322,3.20,1.60
2009.12.09 07:47:00.868,7.1295,7.1322,3.20,1.60
2009.12.09 07:47:08.057,7.12985,7.1322,3.20,1.60
2009.12.09 07:47:08.177,7.1299,7.1326,3.20,1.60
2009.12.09 07:47:08.467,7.1299,7.1329,3.20,1.60
2009.12.09 07:47:09.086,7.13025,7.1331,3.20,1.60
2009.12.09 07:47:09.766,7.1304,7.1331,3.20,1.60
2009.12.09 07:47:12.446,7.13065,7.1336,3.20,1.60
2009.12.09 07:47:12.616,7.13065,7.1334,3.20,1.60
2009.12.09 07:47:12.836,7.13055,7.1334,3.20,1.60
2009.12.09 07:47:13.067,7.1304,7.1331,3.20,1.60
2009.12.09 07:47:13.755,7.1304,7.1334,3.20,1.60
2009.12.09 07:47:14.105,7.13055,7.1334,3.20,1.60
2009.12.09 07:47:14.275,7.13055,7.1331,3.20,1.60
2009.12.09 07:47:14.445,7.1304,7.1331,3.20,1.60
2009.12.09 07:47:17.344,7.1304,7.1329,3.20,1.60
2009.12.09 07:47:17.574,7.13015,7.1329,3.20,1.60
2009.12.09 07:47:18.255,7.1301,7.1329,3.20,1.60
2009.12.09 07:47:18.594,7.13015,7.1329,3.20,1.60
2009.12.09 07:47:19.854,7.1301,7.1329,3.20,1.60
2009.12.09 07:47:25.592,7.13,7.1326,3.20,1.60
2009.12.09 07:47:26.612,7.1301,7.1329,3.20,1.60
2009.12.09 07:47:26.992,7.13005,7.1331,6.40,1.60
2009.12.09 07:47:27.162,7.13025,7.1331,3.20,1.60
2009.12.09 07:47:28.981,7.13035,7.1331,3.20,1.60
2009.12.09 07:47:29.271,7.1304,7.1331,3.20,1.60
2009.12.09 07:47:29.612,7.1304,7.1329,3.20,1.60
2009.12.09 07:47:29.732,7.13035,7.1329,3.20,1.60
2009.12.09 07:47:30.151,7.1303,7.1329,3.20,1.60
2009.12.09 07:47:30.382,7.13015,7.1329,3.20,1.60
2009.12.09 07:47:30.681,7.1301,7.1329,3.20,1.60
2009.12.09 07:47:30.901,7.1301,7.1331,3.20,1.60
2009.12.09 07:47:31.241,7.13025,7.1331,3.20,1.60
2009.12.09 07:47:31.641,7.1304,7.1331,3.20,1.60
2009.12.09 07:47:31.981,7.1303,7.1331,3.20,1.60
2009.12.09 07:47:32.671,7.1304,7.1331,3.20,1.60
2009.12.09 07:47:35.440,7.1304,7.1334,3.20,1.60
2009.12.09 07:47:35.790,7.1309,7.1336,3.20,1.60
2009.12.09 07:47:36.481,7.1309,7.1339,3.20,1.60
2009.12.09 07:47:36.830,7.131,7.1339,3.20,1.60
2009.12.09 07:47:43.928,7.13105,7.1339,3.20,1.60
2009.12.09 07:47:44.748,7.131,7.1339,3.20,1.60
2009.12.09 07:47:45.218,7.13125,7.1341,3.20,1.60
2009.12.09 07:47:45.498,7.1313,7.1341,3.20,1.60
2009.12.09 07:47:46.347,7.13135,7.1341,3.20,1.60
2009.12.09 07:47:57.025,7.1313,7.1341,3.20,1.60
2009.12.09 07:47:59.225,7.1311,7.1339,3.20,1.60
2009.12.09 07:47:59.504,7.131,7.1339,3.20,1.60
2009.12.09 07:47:59.674,7.131,7.1336,3.20,1.60
2009.12.09 07:47:59.844,7.1311,7.1336,3.20,1.60
2009.12.09 07:48:00.134,7.131,7.1336,3.20,1.60
2009.12.09 07:48:00.484,7.1309,7.1336,3.20,1.60
2009.12.09 07:48:02.423,7.1309,7.1334,3.20,1.60
2009.12.09 07:48:02.633,7.1309,7.1335,3.20,1.60
2009.12.09 07:48:02.854,7.1308,7.1335,3.20,1.60
2009.12.09 07:48:03.203,7.1306,7.1335,3.20,1.60
2009.12.09 07:48:03.893,7.1305,7.1335,3.20,1.60
2009.12.09 07:48:06.103,7.13085,7.1336,3.20,1.60
2009.12.09 07:48:09.862,7.1309,7.1336,3.20,1.60
2009.12.09 07:48:14.380,7.1309,7.1339,3.20,1.60
2009.12.09 07:48:14.601,7.131,7.1339,3.20,1.60
2009.12.09 07:48:15.361,7.131,7.1336,3.20,1.60
2009.12.09 07:48:15.710,7.1309,7.1336,3.20,1.60
2009.12.09 07:48:17.940,7.13095,7.1339,3.20,1.60
2009.12.09 07:48:18.220,7.1311,7.1339,3.20,1.60
2009.12.09 07:48:18.390,7.131,7.1339,3.20,1.60
2009.12.09 07:48:21.019,7.13095,7.1336,3.20,1.60
2009.12.09 07:48:22.969,7.13095,7.1335,3.20,1.60
2009.12.09 07:48:23.369,7.1306,7.133,3.20,1.60
2009.12.09 07:48:23.718,7.1303,7.133,3.20,1.60
2009.12.09 07:48:24.009,7.13025,7.133,3.20,1.60
2009.12.09 07:48:24.309,7.1302,7.1331,3.20,1.60
2009.12.09 07:48:24.658,7.1303,7.1331,3.20,1.60
2009.12.09 07:48:25.618,7.13035,7.1331,3.20,1.60
2009.12.09 07:48:29.557,7.13025,7.133,3.20,1.60
2009.12.09 07:48:29.847,7.1301,7.133,3.20,1.60
2009.12.09 07:48:30.357,7.13005,7.133,3.20,1.60
2009.12.09 07:48:31.597,7.13025,7.1331,3.20,1.60
