2009.12.15 15:00:00.093,7.1799,7.182,1.70,1.60
2009.12.15 15:00:00.273,7.1798,7.182,1.60,1.60
2009.12.15 15:00:01.293,7.18,7.1818,1.70,1.60
2009.12.15 15:00:01.633,7.18035,7.1818,1.60,1.60
2009.12.15 15:00:01.973,7.1806,7.1824,1.60,1.60
2009.12.15 15:00:04.802,7.1803,7.1821,1.60,1.60
2009.12.15 15:00:05.092,7.18005,7.1819,1.60,1.60
2009.12.15 15:00:05.432,7.18,7.1819,1.60,1.60
2009.12.15 15:00:05.782,7.18,7.1818,1.60,1.60
2009.12.15 15:00:06.462,7.1802,7.1821,1.60,1.60
2009.12.15 15:00:06.822,7.17985,7.1815,1.60,1.60
2009.12.15 15:00:07.231,7.18,7.182,1.60,1.60
2009.12.15 15:00:07.592,7.17985,7.1815,1.60,1.60
2009.12.15 15:00:07.931,7.18,7.1818,1.60,1.60
2009.12.15 15:00:09.591,7.17965,7.1813,1.60,1.60
2009.12.15 15:00:10.281,7.18,7.1818,1.60,1.60
2009.12.15 15:00:10.671,7.1798,7.1816,1.00,1.60
2009.12.15 15:00:11.021,7.18,7.1818,1.60,1.60
2009.12.15 15:00:13.260,7.1802,7.1821,1.60,1.60
2009.12.15 15:00:14.010,7.1805,7.1823,1.60,1.60
2009.12.15 15:00:16.759,7.1802,7.1821,1.60,1.60
2009.12.15 15:00:18.219,7.1804,7.1823,1.70,1.60
2009.12.15 15:00:18.564,7.18025,7.182,1.60,1.60
2009.12.15 15:00:18.899,7.1802,7.182,1.60,1.60
2009.12.15 15:00:19.648,7.1799,7.1818,1.70,1.60
2009.12.15 15:00:19.919,7.1804,7.1818,1.00,1.60
2009.12.15 15:00:20.209,7.1804,7.1823,1.60,1.60
2009.12.15 15:00:20.738,7.1804,7.1823,1.70,1.60
2009.12.15 15:00:21.978,7.1804,7.1823,1.60,1.60
2009.12.15 15:00:22.198,7.1802,7.182,1.60,1.60
2009.12.15 15:00:23.477,7.1802,7.182,1.60,1.70
2009.12.15 15:00:23.987,7.1802,7.182,1.60,1.60
2009.12.15 15:00:25.227,7.1799,7.1818,1.70,1.60
2009.12.15 15:00:26.897,7.1804,7.182,1.60,1.00
2009.12.15 15:00:27.227,7.1806,7.1827,1.60,1.60
2009.12.15 15:00:27.667,7.1805,7.1825,1.60,1.60
2009.12.15 15:00:28.707,7.1802,7.1822,1.60,1.60
2009.12.15 15:00:29.056,7.1807,7.1827,1.60,4.80
2009.12.15 15:00:29.406,7.1807,7.1827,1.60,1.60
2009.12.15 15:00:33.295,7.181,7.183,1.60,1.60
2009.12.15 15:00:33.655,7.1807,7.1827,1.60,1.60
2009.12.15 15:00:39.963,7.1809,7.1827,1.60,1.60
2009.12.15 15:00:45.703,7.1804,7.1822,1.60,1.60
2009.12.15 15:00:45.922,7.1807,7.1825,1.60,1.60
2009.12.15 15:00:48.792,7.1804,7.1822,1.60,1.60
2009.12.15 15:00:49.611,7.1807,7.1825,1.60,1.60
2009.12.15 15:00:52.191,7.1803,7.1821,1.60,1.60
2009.12.15 15:00:52.870,7.18005,7.1818,1.60,1.60
2009.12.15 15:00:52.981,7.18,7.1818,1.60,1.60
2009.12.15 15:00:54.670,7.17975,7.1816,1.60,1.60
2009.12.15 15:00:55.120,7.1803,7.1816,1.00,1.60
2009.12.15 15:00:56.730,7.1803,7.1813,1.00,1.60
2009.12.15 15:00:56.910,7.1798,7.1813,1.00,1.60
2009.12.15 15:00:57.130,7.1795,7.1813,1.60,1.60
2009.12.15 15:00:57.299,7.17925,7.1811,1.60,1.60
2009.12.15 15:00:57.869,7.1798,7.1816,1.60,1.60
2009.12.15 15:01:00.329,7.17965,7.1814,1.60,1.60
2009.12.15 15:01:00.558,7.1801,7.1819,1.60,1.60
2009.12.15 15:01:02.148,7.1798,7.1816,1.60,1.60
2009.12.15 15:01:02.438,7.1796,7.1814,1.60,1.60
2009.12.15 15:01:02.728,7.17925,7.1809,1.60,1.60
2009.12.15 15:01:03.068,7.1791,7.1809,1.60,1.60
2009.12.15 15:01:10.946,7.17925,7.1809,1.60,1.60
2009.12.15 15:01:11.686,7.1791,7.1809,1.60,1.60
2009.12.15 15:01:11.796,7.17905,7.1807,1.60,1.60
2009.12.15 15:01:12.086,7.17925,7.1807,1.60,1.60
2009.12.15 15:01:12.196,7.17925,7.1804,1.60,1.60
2009.12.15 15:01:12.366,7.17925,7.1809,1.60,1.60
2009.12.15 15:01:12.956,7.1791,7.1809,1.60,1.60
2009.12.15 15:01:14.965,7.1788,7.1809,1.60,1.60
2009.12.15 15:01:17.775,7.1783,7.1803,1.60,1.60
2009.12.15 15:01:19.614,7.1788,7.1808,1.60,1.60
2009.12.15 15:01:19.964,7.1783,7.1803,2.40,1.60
2009.12.15 15:01:20.124,7.1783,7.1803,1.60,1.60
2009.12.15 15:01:20.524,7.1786,7.1805,1.60,1.60
2009.12.15 15:01:20.704,7.1783,7.1803,1.60,1.60
2009.12.15 15:01:20.884,7.1783,7.1802,1.60,1.60
2009.12.15 15:01:21.364,7.1783,7.1801,1.60,1.60
2009.12.15 15:01:24.363,7.1778,7.1796,2.40,1.60
2009.12.15 15:01:24.664,7.178,7.1798,1.60,1.60
2009.12.15 15:01:25.243,7.1778,7.1796,1.60,1.60
2009.12.15 15:01:26.573,7.1777,7.1795,1.60,1.60
2009.12.15 15:01:27.622,7.1774,7.1792,1.60,1.60
2009.12.15 15:01:28.652,7.1781,7.1795,1.00,1.60
2009.12.15 15:01:29.002,7.1773,7.1793,1.60,1.60
2009.12.15 15:01:29.982,7.1779,7.1793,1.00,1.60
2009.12.15 15:01:30.611,7.1781,7.1792,1.00,1.60
2009.12.15 15:01:31.141,7.1781,7.1791,1.00,1.60
2009.12.15 15:01:31.362,7.1771,7.1791,1.60,1.60
2009.12.15 15:01:31.941,7.1777,7.179,1.00,1.60
2009.12.15 15:01:35.090,7.1756,7.1786,2.50,1.60
2009.12.15 15:01:36.120,7.176,7.1781,1.00,1.60
2009.12.15 15:01:36.470,7.1758,7.1783,1.60,1.60
2009.12.15 15:01:36.860,7.1758,7.1782,1.60,1.60
2009.12.15 15:01:37.090,7.1758,7.1781,1.60,1.60
2009.12.15 15:01:37.370,7.1758,7.178,1.60,1.60
2009.12.15 15:01:37.830,7.1758,7.1779,1.60,1.60
2009.12.15 15:01:38.349,7.1757,7.1778,1.60,1.60
2009.12.15 15:01:38.969,7.17565,7.1775,1.60,1.60
2009.12.15 15:01:39.299,7.176,7.1778,1.60,1.60
2009.12.15 15:01:39.689,7.1759,7.1778,1.60,1.60
2009.12.15 15:01:40.319,7.1757,7.1776,1.60,1.60
2009.12.15 15:01:40.490,7.1755,7.1774,1.60,1.60
2009.12.15 15:01:40.949,7.1755,7.1773,1.60,1.60
2009.12.15 15:01:41.309,7.1754,7.1772,1.60,1.60
2009.12.15 15:01:42.209,7.1755,7.1773,1.60,1.60
2009.12.15 15:01:42.739,7.1754,7.1772,1.60,1.60
2009.12.15 15:01:43.778,7.1752,7.177,1.60,1.60
2009.12.15 15:01:44.358,7.1754,7.1772,1.60,1.60
2009.12.15 15:01:45.728,7.1749,7.1767,2.40,1.60
2009.12.15 15:01:46.028,7.1751,7.1769,1.60,1.60
2009.12.15 15:01:46.258,7.1754,7.1772,1.60,1.60
2009.12.15 15:01:48.278,7.1759,7.1772,1.00,1.60
2009.12.15 15:01:48.557,7.1759,7.1771,1.00,1.60
2009.12.15 15:01:49.297,7.1764,7.1774,1.00,1.60
2009.12.15 15:01:49.647,7.1764,7.1776,1.00,1.60
2009.12.15 15:01:50.007,7.1761,7.1779,1.60,1.60
2009.12.15 15:01:50.357,7.176,7.1778,1.60,1.60
2009.12.15 15:01:51.366,7.1764,7.1776,1.00,1.60
2009.12.15 15:01:51.706,7.1764,7.1775,1.00,1.60
2009.12.15 15:01:52.876,7.1754,7.1775,1.60,1.60
2009.12.15 15:01:53.386,7.176,7.1775,1.00,1.60
2009.12.15 15:01:53.606,7.176,7.1774,1.00,1.60
2009.12.15 15:01:54.006,7.1763,7.1774,1.00,1.60
2009.12.15 15:01:54.696,7.1762,7.1774,1.00,1.60
2009.12.15 15:01:54.816,7.1762,7.1773,1.00,1.60
2009.12.15 15:01:55.815,7.1763,7.1773,1.00,1.60
2009.12.15 15:01:56.155,7.1762,7.1773,1.00,1.60
2009.12.15 15:01:56.855,7.1762,7.1772,1.00,1.60
2009.12.15 15:01:57.325,7.17615,7.1766,1.00,1.60
2009.12.15 15:01:57.485,7.1742,7.1766,1.60,1.60
2009.12.15 15:01:57.665,7.1742,7.1765,1.60,1.60
2009.12.15 15:01:58.085,7.1742,7.1764,1.60,1.60
2009.12.15 15:01:58.425,7.1752,7.1776,1.60,3.20
2009.12.15 15:01:58.484,7.1752,7.1777,1.60,2.50
2009.12.15 15:01:58.535,7.1756,7.1777,1.60,1.60
2009.12.15 15:01:58.595,7.1756,7.1776,1.60,1.00
2009.12.15 15:01:58.645,7.17435,7.1766,1.60,1.60
2009.12.15 15:01:59.035,7.17465,7.1766,1.60,1.60
2009.12.15 15:01:59.385,7.17465,7.1768,1.60,1.60
2009.12.15 15:01:59.734,7.1749,7.17935,1.60,3.20
2009.12.15 15:02:00.075,7.17495,7.17955,1.60,3.20
2009.12.15 15:02:00.704,7.1749,7.1794,1.60,3.20
2009.12.15 15:02:01.054,7.1749,7.1791,1.60,3.20
2009.12.15 15:02:01.444,7.1749,7.17905,1.60,3.20
2009.12.15 15:02:01.784,7.1749,7.179,1.60,3.20
2009.12.15 15:02:02.144,7.1749,7.17895,1.60,3.20
2009.12.15 15:02:02.264,7.17485,7.17895,1.60,3.20
2009.12.15 15:02:02.384,7.17485,7.1788,1.60,3.20
2009.12.15 15:02:02.504,7.17495,7.1788,1.60,3.20
2009.12.15 15:02:03.084,7.17495,7.17895,1.60,3.20
2009.12.15 15:02:03.484,7.17505,7.1792,1.60,3.20
2009.12.15 15:02:05.393,7.17495,7.1792,1.60,3.20
2009.12.15 15:02:05.613,7.1749,7.1792,1.60,3.20
2009.12.15 15:02:05.723,7.17475,7.1789,1.60,3.20
2009.12.15 15:02:06.063,7.1747,7.1789,1.60,3.20
2009.12.15 15:02:06.823,7.1747,7.17885,1.60,3.20
2009.12.15 15:02:07.203,7.17465,7.1778,1.60,1.60
2009.12.15 15:02:07.552,7.17505,7.1776,1.60,1.60
2009.12.15 15:02:07.712,7.17505,7.1778,1.60,1.60
2009.12.15 15:02:11.032,7.17495,7.1776,1.60,1.60
2009.12.15 15:02:11.962,7.17495,7.1775,1.60,1.60
2009.12.15 15:02:12.411,7.17495,7.1774,1.60,1.60
2009.12.15 15:02:13.581,7.17495,7.1776,1.60,1.60
2009.12.15 15:02:14.741,7.17465,7.1773,1.60,1.60
2009.12.15 15:02:15.031,7.17455,7.1773,1.60,1.60
2009.12.15 15:02:15.491,7.17455,7.1771,1.60,1.60
2009.12.15 15:02:17.450,7.17445,7.1771,1.60,1.60
2009.12.15 15:02:19.509,7.17455,7.1773,1.60,1.60
2009.12.15 15:02:20.550,7.17465,7.1773,1.60,1.60
2009.12.15 15:02:20.729,7.17465,7.1771,1.60,1.60
2009.12.15 15:02:20.909,7.17455,7.1771,1.60,1.60
2009.12.15 15:02:21.079,7.17445,7.1771,1.60,1.60
2009.12.15 15:02:25.518,7.17455,7.1771,1.60,1.60
2009.12.15 15:02:27.687,7.17475,7.1771,1.60,1.60
2009.12.15 15:02:27.918,7.1746,7.1776,1.60,1.60
2009.12.15 15:02:28.028,7.17455,7.1773,1.60,1.60
2009.12.15 15:02:33.536,7.17465,7.1773,1.60,1.60
2009.12.15 15:02:35.446,7.17465,7.1775,1.60,3.20
2009.12.15 15:02:35.746,7.17475,7.1775,1.60,3.20
2009.12.15 15:02:36.026,7.1746,7.1776,3.20,4.80
2009.12.15 15:02:36.306,7.17485,7.1776,1.60,1.60
2009.12.15 15:02:36.995,7.17495,7.1776,1.60,1.60
2009.12.15 15:02:37.465,7.17485,7.1776,1.60,1.60
2009.12.15 15:02:37.816,7.17495,7.1776,1.60,1.60
2009.12.15 15:02:38.045,7.17505,7.1776,1.60,1.60
2009.12.15 15:02:39.585,7.17535,7.1778,1.60,1.60
2009.12.15 15:02:39.875,7.17535,7.1781,1.60,1.60
2009.12.15 15:02:41.704,7.1756,7.1786,1.60,1.60
2009.12.15 15:02:42.044,7.17595,7.1786,1.60,1.60
2009.12.15 15:02:43.464,7.1756,7.1786,1.60,1.60
2009.12.15 15:02:43.804,7.17525,7.1777,1.60,1.60
2009.12.15 15:02:45.014,7.17515,7.1775,1.60,1.60
2009.12.15 15:02:46.283,7.17525,7.1775,1.60,1.60
2009.12.15 15:02:47.003,7.17505,7.1775,1.60,1.60
2009.12.15 15:02:47.063,7.17505,7.1773,1.60,1.60
2009.12.15 15:02:47.643,7.17485,7.1773,1.60,1.60
2009.12.15 15:02:47.753,7.17495,7.1773,1.60,1.60
2009.12.15 15:02:49.013,7.1757,7.1775,1.00,1.60
2009.12.15 15:02:49.363,7.1751,7.1778,1.00,1.60
2009.12.15 15:02:49.702,7.1751,7.1777,1.00,1.60
2009.12.15 15:02:53.012,7.17525,7.1775,1.60,1.60
2009.12.15 15:02:53.352,7.1759,7.1775,1.00,1.60
2009.12.15 15:02:56.531,7.1764,7.178,1.00,4.80
2009.12.15 15:02:56.811,7.17565,7.1783,1.60,1.60
2009.12.15 15:02:57.081,7.176,7.1785,1.00,1.60
2009.12.15 15:02:57.361,7.1767,7.1785,1.00,1.60
2009.12.15 15:02:58.703,7.1764,7.178,1.00,1.60
2009.12.15 15:02:59.740,7.17585,7.178,1.60,1.60
2009.12.15 15:02:59.980,7.17585,7.1783,1.60,1.60
2009.12.15 15:03:00.200,7.1759,7.1777,1.00,1.60
2009.12.15 15:03:00.420,7.1759,7.1782,1.00,3.20
2009.12.15 15:03:00.980,7.1754,7.1772,1.00,1.60
2009.12.15 15:03:02.869,7.17475,7.177,1.60,1.60
2009.12.15 15:03:03.279,7.1757,7.1775,1.00,1.60
2009.12.15 15:03:05.348,7.1754,7.177,1.00,1.60
2009.12.15 15:03:08.568,7.17495,7.177,1.60,1.60
2009.12.15 15:03:08.948,7.1734,7.17605,2.40,3.20
2009.12.15 15:03:09.308,7.17275,7.17605,1.60,3.20
2009.12.15 15:03:11.158,7.17295,7.1759,1.60,3.20
2009.12.15 15:03:11.488,7.17295,7.17585,1.60,3.20
2009.12.15 15:03:12.797,7.17295,7.1759,1.60,3.20
2009.12.15 15:03:13.957,7.17295,7.17585,1.60,3.20
2009.12.15 15:03:14.936,7.17245,7.1743,1.60,1.60
2009.12.15 15:03:16.946,7.17275,7.1746,1.60,3.20
2009.12.15 15:03:17.176,7.17275,7.17585,1.60,3.20
2009.12.15 15:03:18.906,7.17265,7.17565,1.60,3.20
2009.12.15 15:03:19.135,7.17275,7.17565,1.60,3.20
2009.12.15 15:03:22.865,7.17295,7.1758,1.60,1.60
2009.12.15 15:03:23.044,7.17285,7.1758,1.60,1.60
2009.12.15 15:03:23.104,7.17265,7.1758,1.60,1.60
2009.12.15 15:03:23.265,7.17265,7.1756,1.60,1.60
2009.12.15 15:03:23.445,7.17255,7.1756,1.60,1.60
2009.12.15 15:03:26.374,7.17245,7.1754,1.60,1.60
2009.12.15 15:03:26.723,7.17235,7.1753,1.60,3.20
2009.12.15 15:03:27.073,7.17225,7.1751,1.60,1.60
2009.12.15 15:03:28.033,7.17215,7.1749,1.60,1.60
2009.12.15 15:03:28.193,7.17205,7.1749,1.60,1.60
2009.12.15 15:03:30.033,7.17205,7.1751,1.60,1.60
2009.12.15 15:03:30.593,7.17215,7.1751,1.60,1.60
2009.12.15 15:03:34.202,7.17205,7.17505,1.60,3.20
2009.12.15 15:03:34.931,7.17205,7.1748,1.60,3.20
2009.12.15 15:03:35.281,7.17225,7.1749,1.60,3.20
2009.12.15 15:03:35.522,7.17265,7.17505,1.60,3.20
2009.12.15 15:03:36.051,7.17285,7.1756,1.60,1.60
2009.12.15 15:03:36.291,7.17315,7.1759,1.60,1.60
2009.12.15 15:03:36.631,7.17315,7.1761,1.60,1.60
2009.12.15 15:03:36.991,7.17315,7.1759,1.60,1.60
2009.12.15 15:03:37.841,7.17305,7.1759,1.60,1.60
2009.12.15 15:03:38.361,7.17285,7.1752,1.60,3.20
2009.12.15 15:03:38.651,7.17295,7.1752,1.60,3.20
2009.12.15 15:03:38.941,7.17275,7.1752,1.60,3.20
2009.12.15 15:03:42.160,7.17255,7.1752,1.60,3.20
2009.12.15 15:03:44.159,7.17245,7.1752,1.60,1.60
2009.12.15 15:03:44.500,7.17235,7.1752,1.60,1.60
2009.12.15 15:03:44.899,7.17235,7.1754,1.60,1.60
2009.12.15 15:03:45.079,7.17235,7.17535,1.60,3.20
2009.12.15 15:03:45.659,7.17235,7.1754,1.60,1.60
2009.12.15 15:03:46.549,7.17255,7.1755,1.60,3.20
2009.12.15 15:03:46.889,7.17295,7.1756,1.60,1.60
2009.12.15 15:03:47.249,7.17295,7.1757,1.60,1.60
2009.12.15 15:03:55.486,7.17315,7.1757,1.60,1.60
2009.12.15 15:03:59.526,7.17325,7.1757,1.60,1.60
2009.12.15 15:04:00.216,7.17325,7.1759,1.60,1.60
2009.12.15 15:04:01.245,7.17335,7.1759,1.60,1.60
2009.12.15 15:04:02.425,7.1734,7.1762,1.60,1.60
2009.12.15 15:04:02.715,7.17335,7.1757,1.60,1.60
2009.12.15 15:04:03.115,7.17315,7.1757,1.60,1.60
2009.12.15 15:04:04.984,7.17335,7.1757,1.60,1.60
2009.12.15 15:04:05.664,7.17345,7.1757,1.60,1.60
2009.12.15 15:04:06.054,7.17345,7.176,1.60,1.60
2009.12.15 15:04:06.924,7.17325,7.176,1.60,1.60
2009.12.15 15:04:07.274,7.17325,7.1757,1.60,1.60
2009.12.15 15:04:07.664,7.17335,7.1757,1.60,1.60
2009.12.15 15:04:07.834,7.17325,7.1757,1.60,1.60
2009.12.15 15:04:11.243,7.17385,7.1767,1.60,1.60
2009.12.15 15:04:14.752,7.174,7.1768,1.60,1.60
2009.12.15 15:04:15.102,7.1746,7.1768,1.00,1.60
2009.12.15 15:04:15.382,7.1744,7.1761,1.00,1.60
2009.12.15 15:04:15.652,7.1744,7.1763,1.00,1.60
2009.12.15 15:04:15.881,7.1737,7.1763,1.00,1.60
2009.12.15 15:04:17.271,7.1747,7.1761,1.00,3.20
2009.12.15 15:04:17.511,7.17245,7.1754,1.60,1.60
2009.12.15 15:04:19.631,7.1726,7.1754,3.20,1.60
2009.12.15 15:04:20.251,7.17295,7.1755,1.60,1.60
2009.12.15 15:04:20.961,7.17285,7.1754,1.60,1.60
2009.12.15 15:04:21.301,7.17345,7.1754,1.60,1.60
2009.12.15 15:04:21.531,7.17335,7.1765,1.60,1.60
2009.12.15 15:04:21.761,7.1733,7.1765,1.60,1.60
2009.12.15 15:04:22.000,7.17335,7.1765,1.60,1.60
2009.12.15 15:04:24.910,7.1736,7.1763,1.00,1.60
2009.12.15 15:04:24.960,7.1736,7.1762,1.00,1.60
2009.12.15 15:04:25.420,7.1736,7.1763,1.00,1.60
2009.12.15 15:04:25.599,7.1737,7.1763,1.00,1.60
2009.12.15 15:04:25.939,7.1736,7.1762,1.00,1.60
2009.12.15 15:04:28.749,7.1738,7.1756,1.00,1.60
2009.12.15 15:04:29.768,7.1733,7.1752,1.00,1.60
2009.12.15 15:04:30.168,7.17125,7.1743,3.20,1.60
2009.12.15 15:04:30.398,7.17145,7.1743,1.60,1.60
2009.12.15 15:04:31.268,7.17175,7.1741,1.60,1.60
2009.12.15 15:04:31.608,7.17185,7.1741,1.60,1.60
2009.12.15 15:04:32.138,7.17195,7.1741,1.60,1.60
2009.12.15 15:04:32.308,7.17185,7.174,1.60,1.60
2009.12.15 15:04:32.648,7.17175,7.174,1.60,1.60
2009.12.15 15:04:32.818,7.17185,7.1742,1.60,1.60
2009.12.15 15:04:33.208,7.17165,7.1742,1.60,1.60
2009.12.15 15:04:33.428,7.17175,7.1742,1.60,1.60
2009.12.15 15:04:33.988,7.17175,7.1741,1.60,1.60
2009.12.15 15:04:35.427,7.17165,7.1741,1.60,1.60
2009.12.15 15:04:36.447,7.17165,7.174,1.60,1.60
2009.12.15 15:04:37.147,7.17145,7.1745,1.60,4.80
2009.12.15 15:04:37.787,7.17205,7.1749,1.60,1.60
2009.12.15 15:04:37.896,7.17195,7.1749,1.60,1.60
2009.12.15 15:04:38.127,7.1719,7.1749,1.60,1.60
2009.12.15 15:04:38.246,7.1716,7.1746,1.60,1.60
2009.12.15 15:04:38.587,7.17235,7.1749,1.60,1.60
2009.12.15 15:04:39.636,7.17235,7.1749,1.60,1.60
2009.12.15 15:04:40.216,7.173,7.1749,1.00,1.60
2009.12.15 15:04:40.896,7.17145,7.1742,1.60,1.60
2009.12.15 15:04:41.176,7.17215,7.1742,1.60,1.60
2009.12.15 15:04:41.456,7.17135,7.1742,1.60,1.60
2009.12.15 15:04:41.805,7.17145,7.1742,1.60,1.60
2009.12.15 15:04:42.205,7.17125,7.1737,1.60,1.60
2009.12.15 15:04:43.235,7.17135,7.1737,1.60,1.60
2009.12.15 15:04:43.915,7.17155,7.1737,1.60,1.60
2009.12.15 15:04:44.085,7.17145,7.174,1.60,1.60
2009.12.15 15:04:44.435,7.17145,7.1737,1.60,1.60
2009.12.15 15:04:44.785,7.17155,7.174,1.60,1.60
2009.12.15 15:04:45.655,7.1717,7.174,1.00,1.60
2009.12.15 15:04:45.884,7.17215,7.1751,1.60,1.60
2009.12.15 15:04:46.064,7.17225,7.1751,1.60,1.60
2009.12.15 15:04:48.084,7.1729,7.1749,1.00,1.60
2009.12.15 15:04:49.064,7.1731,7.1749,1.00,1.60
2009.12.15 15:04:51.224,7.1738,7.17535,1.00,3.20
2009.12.15 15:04:51.613,7.1738,7.1754,1.00,1.60
2009.12.15 15:04:51.953,7.1743,7.1756,1.00,1.60
2009.12.15 15:04:52.253,7.1743,7.1758,1.00,1.60
2009.12.15 15:04:52.593,7.1739,7.1758,1.00,1.60
2009.12.15 15:04:52.923,7.1739,7.1756,1.00,1.60
2009.12.15 15:04:54.183,7.1729,7.1758,1.00,1.60
2009.12.15 15:04:55.562,7.1731,7.1756,1.00,1.60
2009.12.15 15:04:55.733,7.1737,7.1756,1.00,1.60
2009.12.15 15:04:55.852,7.1737,7.1756,1.00,1.60
2009.12.15 15:04:58.172,7.1738,7.1756,1.00,1.60
2009.12.15 15:05:01.001,7.17315,7.1756,1.60,1.60
2009.12.15 15:05:01.341,7.1733,7.1758,1.00,1.60
2009.12.15 15:05:01.731,7.1733,7.1756,1.00,1.60
2009.12.15 15:05:02.071,7.1733,7.1758,1.00,1.60
2009.12.15 15:05:02.361,7.17335,7.1758,1.60,1.60
2009.12.15 15:05:02.590,7.1733,7.1758,1.00,1.60
2009.12.15 15:05:02.880,7.17335,7.1758,1.60,1.60
2009.12.15 15:05:03.440,7.17345,7.1758,1.60,1.60
2009.12.15 15:05:05.560,7.17335,7.1758,1.60,1.60
2009.12.15 15:05:05.850,7.17345,7.1758,1.60,1.60
2009.12.15 15:05:07.279,7.1739,7.1756,1.00,1.60
2009.12.15 15:05:07.979,7.17335,7.1758,1.60,1.60
2009.12.15 15:05:08.889,7.17345,7.1758,1.60,1.60
2009.12.15 15:05:09.859,7.17355,7.1758,1.60,1.60
2009.12.15 15:05:11.769,7.17365,7.1758,1.60,1.60
2009.12.15 15:05:13.978,7.1744,7.1761,1.00,1.60
2009.12.15 15:05:15.478,7.17375,7.1761,1.60,1.60
2009.12.15 15:05:15.657,7.17365,7.1761,1.60,1.60
2009.12.15 15:05:16.008,7.1735,7.1754,1.00,1.60
2009.12.15 15:05:16.357,7.1733,7.1759,1.60,3.20
2009.12.15 15:05:16.697,7.17405,7.1763,1.60,1.60
2009.12.15 15:05:17.077,7.1733,7.1761,1.60,1.60
2009.12.15 15:05:17.257,7.17345,7.1761,1.60,1.60
2009.12.15 15:05:17.487,7.1733,7.1761,1.60,1.60
2009.12.15 15:05:26.905,7.1735,7.17615,1.60,3.20
2009.12.15 15:05:27.185,7.1738,7.1764,1.60,3.20
2009.12.15 15:05:27.405,7.1738,7.1765,1.60,3.20
2009.12.15 15:05:27.625,7.1738,7.1766,1.60,1.60
2009.12.15 15:05:28.514,7.17385,7.1766,1.60,1.60
2009.12.15 15:05:30.944,7.1738,7.1766,1.60,1.60
2009.12.15 15:05:31.474,7.17345,7.176,1.60,1.60
2009.12.15 15:05:32.463,7.17365,7.1761,1.60,3.20
2009.12.15 15:05:32.693,7.1737,7.1765,1.60,1.60
2009.12.15 15:05:32.923,7.17355,7.1762,1.60,1.60
2009.12.15 15:05:34.973,7.17375,7.1762,1.60,1.60
2009.12.15 15:05:35.213,7.17365,7.1762,1.60,1.60
2009.12.15 15:05:35.912,7.17365,7.1764,1.60,1.60
2009.12.15 15:05:36.242,7.17355,7.1761,1.60,1.60
2009.12.15 15:05:38.072,7.17365,7.1763,1.60,4.80
2009.12.15 15:05:38.302,7.1738,7.17645,1.60,3.20
2009.12.15 15:05:38.482,7.1738,7.1766,1.60,1.60
2009.12.15 15:05:39.482,7.1738,7.1766,1.60,4.80
2009.12.15 15:05:43.391,7.1738,7.17635,1.60,3.20
2009.12.15 15:05:44.121,7.1738,7.1766,1.60,1.60
2009.12.15 15:05:44.411,7.17375,7.1765,1.60,1.60
2009.12.15 15:05:44.691,7.17385,7.1766,1.60,4.80
2009.12.15 15:05:44.971,7.1738,7.1766,1.60,1.60
2009.12.15 15:05:47.750,7.1737,7.1765,1.60,1.60
2009.12.15 15:05:48.489,7.17355,7.1763,1.60,1.60
2009.12.15 15:05:48.719,7.17355,7.17615,1.60,3.20
2009.12.15 15:05:48.939,7.1735,7.17605,1.60,3.20
2009.12.15 15:05:49.169,7.17325,7.176,1.60,1.60
2009.12.15 15:05:49.629,7.17315,7.1758,1.60,1.60
2009.12.15 15:05:50.029,7.17315,7.1758,1.60,4.80
2009.12.15 15:05:50.369,7.17305,7.1758,1.60,4.80
2009.12.15 15:05:50.709,7.17335,7.1761,1.60,1.60
2009.12.15 15:05:51.069,7.174,7.1756,1.00,1.60
2009.12.15 15:05:51.409,7.174,7.1761,1.00,1.60
2009.12.15 15:05:51.739,7.1735,7.1756,1.00,1.60
2009.12.15 15:05:52.099,7.17305,7.1758,1.60,1.60
2009.12.15 15:05:52.449,7.17305,7.1758,1.60,4.80
2009.12.15 15:05:52.849,7.1733,7.17605,1.60,3.20
2009.12.15 15:05:53.078,7.174,7.1761,1.00,1.60
2009.12.15 15:05:55.058,7.1741,7.1761,1.00,1.60
2009.12.15 15:05:55.228,7.1741,7.1762,1.00,1.60
2009.12.15 15:05:55.408,7.17365,7.17635,1.60,3.20
2009.12.15 15:05:55.688,7.1744,7.1764,1.00,1.60
2009.12.15 15:05:55.798,7.1744,7.1767,1.00,1.60
2009.12.15 15:05:56.887,7.1751,7.177,1.00,1.00
2009.12.15 15:05:57.177,7.1739,7.17685,1.60,3.20
2009.12.15 15:05:58.107,7.1739,7.1769,1.60,1.60
2009.12.15 15:05:58.987,7.1741,7.1769,2.40,1.60
2009.12.15 15:06:00.057,7.17425,7.177,1.60,4.80
2009.12.15 15:06:00.347,7.17415,7.1769,1.60,1.60
2009.12.15 15:06:02.126,7.1741,7.1765,1.00,1.60
2009.12.15 15:06:02.416,7.17375,7.1765,1.60,1.60
2009.12.15 15:06:02.756,7.1739,7.17655,1.60,3.20
2009.12.15 15:06:03.036,7.1745,7.1765,1.00,1.60
2009.12.15 15:06:04.016,7.1745,7.1765,1.00,1.60
2009.12.15 15:06:04.426,7.1747,7.1765,1.00,1.60
2009.12.15 15:06:05.635,7.1747,7.1766,1.00,1.70
2009.12.15 15:06:06.565,7.1742,7.17595,1.00,3.20
2009.12.15 15:06:06.915,7.1742,7.1763,1.00,1.70
2009.12.15 15:06:07.255,7.1738,7.176,1.00,1.60
2009.12.15 15:06:08.395,7.1737,7.1758,1.00,1.60
2009.12.15 15:06:08.744,7.17365,7.1758,1.00,4.80
2009.12.15 15:06:09.434,7.1739,7.17595,1.00,3.20
2009.12.15 15:06:09.785,7.1739,7.1759,1.00,1.60
2009.12.15 15:06:10.134,7.1738,7.1759,1.00,1.60
2009.12.15 15:06:10.434,7.1738,7.1759,1.00,4.80
2009.12.15 15:06:11.124,7.1744,7.17585,1.00,3.20
2009.12.15 15:06:11.354,7.1745,7.17625,1.00,3.20
2009.12.15 15:06:11.584,7.1745,7.17635,1.00,3.20
2009.12.15 15:06:11.934,7.1745,7.1764,1.00,1.60
2009.12.15 15:06:12.274,7.1745,7.1764,1.00,1.70
2009.12.15 15:06:12.854,7.1738,7.1764,1.60,1.60
2009.12.15 15:06:13.074,7.1745,7.1775,1.60,1.60
2009.12.15 15:06:13.294,7.17475,7.1773,1.60,1.60
2009.12.15 15:06:13.514,7.17465,7.1773,1.60,1.60
2009.12.15 15:06:13.863,7.1745,7.1775,1.60,1.60
2009.12.15 15:06:16.073,7.1742,7.177,1.60,1.60
2009.12.15 15:06:20.182,7.17425,7.177,1.60,1.60
2009.12.15 15:06:21.252,7.1748,7.1768,1.00,1.60
2009.12.15 15:06:21.652,7.1743,7.17695,1.60,3.20
2009.12.15 15:06:22.181,7.1743,7.1771,1.60,1.60
2009.12.15 15:06:22.711,7.1751,7.17725,1.00,4.80
2009.12.15 15:06:22.871,7.1751,7.1773,1.00,1.60
2009.12.15 15:06:23.501,7.1746,7.17755,1.60,3.20
2009.12.15 15:06:23.791,7.1748,7.1776,1.60,1.60
2009.12.15 15:06:24.081,7.1748,7.1776,1.60,4.80
2009.12.15 15:06:24.771,7.1748,7.1776,1.60,1.60
2009.12.15 15:06:25.641,7.1748,7.1776,1.60,4.80
2009.12.15 15:06:27.580,7.1748,7.1776,1.60,1.60
2009.12.15 15:06:28.710,7.1748,7.1776,2.40,1.60
2009.12.15 15:06:28.820,7.1757,7.17765,1.00,3.20
2009.12.15 15:06:28.930,7.1757,7.1778,1.00,1.60
2009.12.15 15:06:33.519,7.176,7.1778,1.00,1.60
2009.12.15 15:06:33.749,7.176,7.1781,1.00,1.60
2009.12.15 15:06:33.919,7.1764,7.1781,1.00,1.60
2009.12.15 15:06:34.199,7.1764,7.1783,1.00,1.60
2009.12.15 15:06:37.508,7.1765,7.1786,1.00,1.60
2009.12.15 15:06:37.618,7.1759,7.178,1.00,1.60
2009.12.15 15:06:40.077,7.176,7.1782,1.00,1.70
2009.12.15 15:06:40.417,7.176,7.1781,1.00,1.60
2009.12.15 15:06:40.897,7.176,7.1782,1.00,1.70
2009.12.15 15:06:41.118,7.1762,7.1782,1.00,1.70
2009.12.15 15:06:42.396,7.1763,7.1782,1.00,1.70
2009.12.15 15:06:42.456,7.1763,7.1781,1.00,1.60
2009.12.15 15:06:44.876,7.1763,7.1783,1.00,1.60
2009.12.15 15:06:47.155,7.17555,7.1783,1.60,1.60
2009.12.15 15:06:47.275,7.1756,7.1784,1.60,1.60
2009.12.15 15:06:47.445,7.17605,7.1784,1.60,1.60
2009.12.15 15:06:48.025,7.17595,7.1784,1.60,1.60
2009.12.15 15:06:48.145,7.17595,7.178,1.60,1.60
2009.12.15 15:06:54.404,7.17605,7.1784,1.60,1.60
2009.12.15 15:06:57.123,7.1763,7.1784,1.00,1.60
2009.12.15 15:06:58.673,7.1758,7.1782,1.00,1.00
2009.12.15 15:06:58.792,7.1758,7.1779,1.00,1.60
2009.12.15 15:07:00.642,7.17545,7.1776,1.60,1.60
2009.12.15 15:07:01.142,7.17535,7.1776,1.60,1.60
2009.12.15 15:07:03.361,7.1758,7.1776,1.00,1.60
2009.12.15 15:07:03.481,7.1758,7.1779,1.00,1.60
2009.12.15 15:07:03.652,7.17535,7.1776,1.60,1.60
2009.12.15 15:07:04.921,7.1753,7.1774,1.00,1.60
2009.12.15 15:07:06.001,7.17545,7.1775,1.60,1.60
2009.12.15 15:07:06.241,7.17535,7.1774,1.60,1.60
2009.12.15 15:07:08.421,7.17535,7.1777,1.60,1.00
2009.12.15 15:07:08.720,7.1758,7.1779,1.00,1.60
2009.12.15 15:07:08.821,7.17545,7.1776,1.60,1.60
2009.12.15 15:07:10.200,7.17535,7.1774,1.60,1.60
2009.12.15 15:07:10.420,7.1753,7.1773,1.00,1.60
2009.12.15 15:07:13.619,7.17545,7.1773,1.60,1.60
2009.12.15 15:07:15.198,7.17535,7.1773,1.60,1.60
2009.12.15 15:07:16.068,7.1754,7.1773,1.00,1.60
2009.12.15 15:07:16.728,7.17535,7.1773,1.60,1.60
2009.12.15 15:07:20.327,7.1753,7.1773,1.00,1.60
2009.12.15 15:07:22.347,7.1758,7.1776,1.00,1.60
2009.12.15 15:07:22.677,7.1758,7.1778,1.00,1.60
2009.12.15 15:07:22.797,7.17565,7.1781,1.60,1.60
2009.12.15 15:07:22.917,7.17575,7.1781,1.60,1.60
2009.12.15 15:07:23.087,7.1763,7.1781,1.00,1.60
2009.12.15 15:07:23.486,7.1763,7.1783,1.00,1.60
2009.12.15 15:07:23.847,7.17575,7.1778,1.60,1.60
2009.12.15 15:07:24.197,7.1758,7.1781,1.00,1.70
2009.12.15 15:07:24.547,7.17575,7.1781,1.60,1.60
2009.12.15 15:07:25.356,7.17605,7.1781,1.60,1.60
2009.12.15 15:07:25.806,7.17585,7.1781,1.60,1.60
2009.12.15 15:07:26.246,7.17575,7.1781,1.60,1.60
2009.12.15 15:07:27.486,7.17565,7.1781,1.60,1.60
2009.12.15 15:07:27.666,7.1759,7.1778,1.00,1.60
2009.12.15 15:07:30.975,7.1754,7.1776,1.00,1.00
2009.12.15 15:07:31.215,7.17525,7.1773,1.60,1.60
2009.12.15 15:07:31.505,7.17535,7.1773,1.60,1.60
2009.12.15 15:07:31.965,7.1754,7.1773,1.00,1.60
2009.12.15 15:07:35.964,7.176,7.1778,1.00,1.60
2009.12.15 15:07:36.404,7.1755,7.1776,1.00,1.00
2009.12.15 15:07:36.644,7.17535,7.1776,1.60,1.60
2009.12.15 15:07:36.874,7.1748,7.1776,4.00,1.60
2009.12.15 15:07:39.463,7.176,7.1776,1.00,1.60
2009.12.15 15:07:39.813,7.176,7.1779,1.00,1.60
2009.12.15 15:07:43.302,7.176,7.1776,1.00,1.60
2009.12.15 15:07:43.362,7.1755,7.1774,1.00,1.60
2009.12.15 15:07:43.472,7.1756,7.1774,1.00,1.60
2009.12.15 15:07:43.522,7.1756,7.1776,1.00,1.60
2009.12.15 15:07:49.170,7.176,7.1776,1.00,1.60
2009.12.15 15:07:49.340,7.176,7.1778,1.00,1.60
2009.12.15 15:07:50.450,7.1756,7.1776,1.00,1.60
2009.12.15 15:07:54.029,7.1755,7.1773,1.00,1.60
2009.12.15 15:07:55.859,7.176,7.1778,1.00,1.60
2009.12.15 15:07:56.489,7.1756,7.1776,1.00,1.60
2009.12.15 15:07:58.029,7.176,7.1778,1.00,1.60
2009.12.15 15:08:04.117,7.1761,7.1778,1.00,1.60
2009.12.15 15:08:04.467,7.176,7.1778,1.00,1.60
2009.12.15 15:08:04.737,7.1765,7.1778,1.00,1.60
2009.12.15 15:08:05.007,7.1765,7.1783,1.00,1.60
2009.12.15 15:08:06.216,7.1765,7.1784,1.00,1.00
2009.12.15 15:08:08.406,7.1765,7.1783,1.00,1.60
2009.12.15 15:08:08.696,7.17605,7.1783,1.60,1.60
2009.12.15 15:08:10.765,7.17625,7.1783,1.60,1.60
2009.12.15 15:08:11.055,7.1765,7.1784,1.00,1.00
2009.12.15 15:08:11.335,7.17645,7.1784,1.60,1.00
2009.12.15 15:08:11.845,7.17655,7.1784,1.60,1.00
2009.12.15 15:08:12.195,7.17685,7.1788,1.60,1.60
2009.12.15 15:08:14.674,7.17665,7.1788,1.60,1.60
2009.12.15 15:08:14.964,7.17675,7.1788,1.60,1.60
2009.12.15 15:08:15.135,7.17695,7.1788,1.60,1.60
2009.12.15 15:08:15.305,7.17695,7.1794,1.60,1.60
2009.12.15 15:08:15.594,7.17705,7.1794,1.60,1.60
2009.12.15 15:08:16.394,7.1772,7.1794,1.00,1.60
2009.12.15 15:08:17.614,7.1774,7.1794,1.00,1.60
2009.12.15 15:08:18.914,7.1774,7.1796,1.00,1.00
2009.12.15 15:08:19.034,7.1778,7.1797,1.00,1.00
2009.12.15 15:08:21.173,7.1778,7.1796,1.00,1.00
2009.12.15 15:08:22.523,7.1773,7.1791,1.00,1.00
2009.12.15 15:08:22.683,7.1774,7.1795,1.00,3.20
2009.12.15 15:08:22.852,7.1774,7.1796,1.00,1.00
2009.12.15 15:08:25.762,7.1773,7.1791,1.00,1.00
2009.12.15 15:08:27.111,7.1774,7.1795,1.00,1.00
2009.12.15 15:08:27.961,7.1774,7.1795,1.00,1.70
2009.12.15 15:08:28.191,7.1773,7.1791,1.00,1.00
2009.12.15 15:08:28.411,7.17685,7.1795,1.60,3.20
2009.12.15 15:08:28.581,7.17695,7.1801,6.40,2.40
2009.12.15 15:08:29.181,7.1777,7.1807,1.60,1.00
2009.12.15 15:08:31.500,7.1767,7.1807,2.50,1.00
2009.12.15 15:08:31.790,7.1767,7.18125,1.60,1.00
2009.12.15 15:08:35.349,7.1771,7.18155,1.60,4.80
2009.12.15 15:08:35.520,7.1771,7.18155,1.60,3.20
2009.12.15 15:08:35.690,7.17735,7.1817,3.20,1.00
2009.12.15 15:08:35.869,7.17735,7.18155,3.20,1.00
2009.12.15 15:08:35.989,7.1781,7.18155,1.60,1.00
2009.12.15 15:08:36.289,7.1784,7.18155,1.60,1.00
2009.12.15 15:08:36.819,7.1783,7.18115,1.60,1.00
2009.12.15 15:08:38.789,7.1786,7.18115,1.60,1.00
2009.12.15 15:08:39.069,7.1786,7.18165,1.60,1.00
2009.12.15 15:08:39.248,7.1788,7.18165,1.60,1.00
2009.12.15 15:08:40.218,7.1788,7.1807,1.60,1.00
2009.12.15 15:08:40.548,7.1788,7.1815,1.60,5.60
2009.12.15 15:08:40.788,7.1788,7.1815,1.60,2.40
2009.12.15 15:08:40.948,7.1788,7.1818,1.60,1.00
2009.12.15 15:08:42.038,7.1793,7.1816,1.60,1.00
2009.12.15 15:08:42.378,7.1788,7.1816,1.60,1.00
2009.12.15 15:08:42.737,7.1791,7.18215,1.60,1.00
2009.12.15 15:08:43.597,7.1791,7.18205,1.60,1.00
2009.12.15 15:08:43.717,7.17875,7.18205,3.20,1.00
2009.12.15 15:08:44.777,7.1793,7.18085,1.60,1.00
2009.12.15 15:08:45.057,7.1788,7.18085,1.60,1.00
2009.12.15 15:08:45.327,7.17775,7.1807,1.60,1.60
2009.12.15 15:08:45.617,7.17765,7.1807,1.60,1.60
2009.12.15 15:08:46.527,7.17775,7.1803,1.60,1.60
2009.12.15 15:08:47.146,7.1781,7.1803,1.00,1.60
2009.12.15 15:08:48.086,7.1781,7.1802,1.00,1.00
2009.12.15 15:08:49.136,7.1781,7.18,1.00,1.00
2009.12.15 15:08:50.646,7.17735,7.1794,1.60,1.00
2009.12.15 15:08:50.926,7.17725,7.1794,1.60,1.00
2009.12.15 15:08:51.216,7.1776,7.1794,1.00,1.00
2009.12.15 15:08:51.555,7.1777,7.1799,1.00,1.00
2009.12.15 15:08:52.975,7.1776,7.1794,1.00,1.00
2009.12.15 15:08:53.495,7.1776,7.1793,1.00,1.60
2009.12.15 15:08:53.835,7.1776,7.1794,1.00,1.00
2009.12.15 15:08:54.175,7.1783,7.1805,1.60,1.00
2009.12.15 15:08:54.455,7.1783,7.18135,1.60,1.00
2009.12.15 15:08:56.394,7.1781,7.18115,1.60,1.00
2009.12.15 15:08:56.514,7.1781,7.181,1.60,2.40
2009.12.15 15:08:56.914,7.1781,7.1808,1.60,1.00
2009.12.15 15:08:57.254,7.1778,7.1808,1.60,1.00
2009.12.15 15:08:57.594,7.1778,7.1811,1.60,1.60
2009.12.15 15:08:57.884,7.1781,7.1812,1.60,1.00
2009.12.15 15:08:58.114,7.1783,7.1812,1.60,1.00
2009.12.15 15:09:01.913,7.1794,7.1826,1.60,1.60
2009.12.15 15:09:02.943,7.1781,7.1816,1.00,1.60
2009.12.15 15:09:03.173,7.17805,7.1816,1.60,1.60
2009.12.15 15:09:05.222,7.1783,7.1816,1.60,1.60
2009.12.15 15:09:05.462,7.17835,7.1816,1.60,1.60
2009.12.15 15:09:08.032,7.1791,7.1819,1.60,1.60
2009.12.15 15:09:12.580,7.1791,7.18115,1.60,1.00
2009.12.15 15:09:12.630,7.178,7.18115,1.60,1.00
2009.12.15 15:09:14.370,7.1788,7.18095,1.00,1.00
2009.12.15 15:09:14.960,7.1788,7.1809,1.00,1.00
2009.12.15 15:09:16.169,7.1788,7.1807,1.00,1.00
2009.12.15 15:09:16.339,7.1788,7.1805,1.00,1.60
2009.12.15 15:09:16.519,7.1788,7.1805,1.00,1.60
2009.12.15 15:09:16.689,7.17895,7.181,1.60,1.60
2009.12.15 15:09:16.849,7.17895,7.1814,1.60,1.60
2009.12.15 15:09:17.249,7.1791,7.18185,1.60,1.00
2009.12.15 15:09:17.599,7.179,7.1818,1.60,1.60
2009.12.15 15:09:18.349,7.1793,7.1821,1.60,1.60
2009.12.15 15:09:19.709,7.1793,7.182,1.60,1.00
2009.12.15 15:09:20.009,7.179,7.1818,1.60,1.60
2009.12.15 15:09:22.618,7.17905,7.1818,1.60,1.60
2009.12.15 15:09:22.788,7.179,7.1818,1.60,1.60
2009.12.15 15:09:26.827,7.17905,7.1818,1.60,1.60
2009.12.15 15:09:27.237,7.1793,7.1821,1.60,1.60
2009.12.15 15:09:31.326,7.17935,7.1821,1.60,1.60
2009.12.15 15:09:31.686,7.1795,7.1823,1.60,1.60
2009.12.15 15:09:32.366,7.1798,7.18255,1.60,1.00
2009.12.15 15:09:33.016,7.1795,7.18255,1.60,2.20
2009.12.15 15:09:35.725,7.17955,7.1823,1.60,1.60
2009.12.15 15:09:35.955,7.1795,7.1823,1.60,1.60
2009.12.15 15:09:36.345,7.17955,7.1823,1.60,1.60
2009.12.15 15:09:37.375,7.1796,7.1828,1.60,1.60
2009.12.15 15:09:37.724,7.1797,7.1825,1.60,1.60
2009.12.15 15:09:39.344,7.1797,7.18235,1.60,1.00
2009.12.15 15:09:39.564,7.17965,7.1818,1.60,1.60
2009.12.15 15:09:39.734,7.17955,7.1822,1.60,1.60
2009.12.15 15:09:39.904,7.17945,7.182,1.60,1.60
2009.12.15 15:09:40.604,7.17935,7.182,1.60,1.60
2009.12.15 15:09:41.903,7.17995,7.1825,1.60,1.60
2009.12.15 15:09:42.843,7.18005,7.1825,1.60,1.60
2009.12.15 15:09:43.433,7.17995,7.1825,1.60,1.60
2009.12.15 15:09:43.713,7.18005,7.1825,1.60,1.60
2009.12.15 15:09:43.933,7.1807,7.1825,1.00,1.60
2009.12.15 15:09:44.043,7.1807,7.1827,1.00,1.60
2009.12.15 15:09:44.323,7.18035,7.183,1.60,1.60
2009.12.15 15:09:44.603,7.18015,7.1827,1.60,1.60
2009.12.15 15:09:44.892,7.1807,7.1827,1.00,1.60
2009.12.15 15:09:45.232,7.1808,7.1827,1.00,1.60
2009.12.15 15:09:47.432,7.1806,7.1827,1.00,1.60
2009.12.15 15:09:47.542,7.18005,7.1827,1.60,1.60
2009.12.15 15:09:47.652,7.18015,7.1827,1.60,1.60
2009.12.15 15:09:47.952,7.1802,7.183,1.60,1.60
2009.12.15 15:09:49.822,7.18035,7.1825,1.60,1.60
2009.12.15 15:09:50.112,7.17985,7.182,1.60,1.60
2009.12.15 15:09:50.341,7.1801,7.1831,1.60,1.60
2009.12.15 15:09:50.581,7.18015,7.1831,1.60,1.60
2009.12.15 15:09:50.811,7.1801,7.1831,1.60,1.60
2009.12.15 15:09:51.501,7.1796,7.1815,1.60,1.60
2009.12.15 15:09:51.851,7.17885,7.1815,1.60,1.60
2009.12.15 15:09:53.921,7.17895,7.1811,1.60,1.60
2009.12.15 15:09:54.090,7.1791,7.1811,1.00,1.60
2009.12.15 15:09:55.340,7.1791,7.1811,1.00,1.70
2009.12.15 15:09:56.260,7.1792,7.1811,1.00,1.70
2009.12.15 15:09:56.950,7.17885,7.1806,1.60,1.00
2009.12.15 15:09:57.339,7.1783,7.18095,1.60,1.60
2009.12.15 15:09:57.660,7.17775,7.1803,1.60,1.60
2009.12.15 15:09:58.000,7.17785,7.1803,1.60,1.60
2009.12.15 15:10:00.179,7.1775,7.1803,1.60,1.60
2009.12.15 15:10:09.856,7.17755,7.1803,1.60,1.60
2009.12.15 15:10:10.177,7.1775,7.1803,1.60,1.60
2009.12.15 15:10:10.576,7.1779,7.1801,1.00,1.60
2009.12.15 15:10:18.585,7.1779,7.18,1.00,1.60
2009.12.15 15:10:19.584,7.178,7.1801,1.00,1.60
2009.12.15 15:10:22.174,7.1785,7.1801,1.00,1.60
2009.12.15 15:10:22.473,7.1785,7.1806,1.00,1.60
2009.12.15 15:10:23.713,7.1785,7.1807,1.00,1.60
2009.12.15 15:10:24.113,7.1779,7.1807,1.60,1.60
2009.12.15 15:10:26.043,7.1786,7.1807,1.00,1.60
2009.12.15 15:10:33.161,7.1785,7.1806,1.00,1.60
2009.12.15 15:10:33.281,7.178,7.1804,1.00,1.00
2009.12.15 15:10:33.511,7.1778,7.1806,1.60,1.60
2009.12.15 15:10:34.121,7.17755,7.1801,1.60,1.60
2009.12.15 15:10:34.471,7.1776,7.1804,1.60,1.60
2009.12.15 15:10:37.510,7.1776,7.1795,1.60,1.00
2009.12.15 15:10:38.340,7.17765,7.1795,1.60,1.00
2009.12.15 15:10:38.939,7.1777,7.1793,1.60,1.00
2009.12.15 15:10:39.879,7.17775,7.1793,1.60,1.00
2009.12.15 15:10:40.969,7.1779,7.1793,1.60,1.00
2009.12.15 15:10:41.149,7.1786,7.1793,1.00,1.00
2009.12.15 15:10:41.489,7.1786,7.1793,1.00,1.00
2009.12.15 15:10:41.549,7.1786,7.1796,1.00,1.50
2009.12.15 15:10:42.389,7.1779,7.1796,1.60,1.50
2009.12.15 15:10:42.789,7.1781,7.1793,1.60,1.00
2009.12.15 15:10:43.409,7.17805,7.181,1.60,1.60
2009.12.15 15:10:43.878,7.17815,7.1811,1.60,1.60
2009.12.15 15:10:44.208,7.17805,7.1811,1.60,1.60
2009.12.15 15:10:45.368,7.17805,7.1808,1.60,1.60
2009.12.15 15:10:45.948,7.17805,7.1795,1.60,1.00
2009.12.15 15:10:46.478,7.17805,7.181,1.60,1.60
2009.12.15 15:10:46.637,7.17805,7.1795,1.60,1.00
2009.12.15 15:10:47.497,7.17815,7.1796,1.60,1.50
2009.12.15 15:10:47.767,7.17855,7.1817,1.60,1.60
2009.12.15 15:10:48.067,7.17855,7.18,1.60,1.00
2009.12.15 15:10:49.387,7.1792,7.1817,1.00,1.60
2009.12.15 15:10:50.147,7.1785,7.1817,1.60,1.60
2009.12.15 15:10:50.267,7.17795,7.1811,1.60,1.60
2009.12.15 15:10:50.557,7.178,7.1795,1.60,1.00
2009.12.15 15:10:51.476,7.178,7.1795,2.40,1.00
2009.12.15 15:10:52.057,7.1785,7.1793,1.00,1.00
2009.12.15 15:10:53.216,7.1785,7.1797,1.00,1.00
2009.12.15 15:10:53.456,7.179,7.1793,1.00,1.00
2009.12.15 15:10:53.576,7.179,7.1814,1.00,1.60
2009.12.15 15:10:55.046,7.178,7.181,2.70,1.60
2009.12.15 15:10:55.446,7.1781,7.1811,1.60,1.60
2009.12.15 15:10:56.466,7.17805,7.1809,1.60,1.60
2009.12.15 15:10:57.785,7.178,7.1803,1.10,1.60
2009.12.15 15:10:58.115,7.17765,7.1803,1.60,1.60
2009.12.15 15:10:59.115,7.1784,7.1803,1.00,1.60
2009.12.15 15:10:59.675,7.1783,7.1803,1.00,1.70
2009.12.15 15:10:59.795,7.1783,7.1801,1.00,1.60
2009.12.15 15:11:06.094,7.1783,7.1801,1.00,1.70
2009.12.15 15:11:06.385,7.1778,7.1796,1.00,1.00
2009.12.15 15:11:06.713,7.1779,7.1796,1.00,1.60
2009.12.15 15:11:07.063,7.1779,7.1798,1.00,1.60
2009.12.15 15:11:07.763,7.1785,7.1805,1.00,1.60
2009.12.15 15:11:10.442,7.179,7.1808,1.00,1.60
2009.12.15 15:11:10.792,7.179,7.181,1.00,1.60
2009.12.15 15:11:13.311,7.1791,7.181,1.00,1.60
2009.12.15 15:11:13.591,7.1788,7.1805,1.00,1.60
2009.12.15 15:11:13.831,7.1787,7.1805,1.00,1.60
2009.12.15 15:11:14.571,7.1792,7.1805,1.00,1.60
2009.12.15 15:11:14.741,7.17805,7.18085,1.60,1.60
2009.12.15 15:11:14.911,7.17795,7.1808,1.60,1.60
2009.12.15 15:11:15.251,7.179,7.1808,1.00,1.60
2009.12.15 15:11:15.661,7.179,7.181,1.00,1.60
2009.12.15 15:11:17.650,7.1793,7.1813,1.00,1.60
2009.12.15 15:11:18.060,7.1797,7.1815,1.00,1.60
2009.12.15 15:11:19.430,7.1793,7.1821,1.60,1.60
2009.12.15 15:11:19.830,7.18,7.182,1.00,1.60
2009.12.15 15:11:21.929,7.17925,7.182,1.60,1.60
2009.12.15 15:11:22.169,7.179,7.1814,1.00,1.60
2009.12.15 15:11:22.509,7.17865,7.1813,1.60,1.60
2009.12.15 15:11:23.029,7.17885,7.1814,1.60,1.60
2009.12.15 15:11:24.119,7.1796,7.1814,1.00,1.60
2009.12.15 15:11:24.469,7.1792,7.1814,1.00,1.70
2009.12.15 15:11:24.679,7.1792,7.1809,1.00,1.60
2009.12.15 15:11:24.848,7.1791,7.1809,1.00,1.60
2009.12.15 15:11:26.518,7.1792,7.1814,1.00,1.70
2009.12.15 15:11:27.268,7.1792,7.1811,1.00,1.60
2009.12.15 15:11:29.057,7.17895,7.1811,1.60,1.60
2009.12.15 15:11:29.338,7.1791,7.1821,1.60,1.60
2009.12.15 15:11:29.687,7.17905,7.1818,1.60,1.60
2009.12.15 15:11:29.807,7.17885,7.1818,1.60,1.60
2009.12.15 15:11:30.137,7.17895,7.1818,1.60,1.60
2009.12.15 15:11:30.477,7.1795,7.1819,1.00,1.70
2009.12.15 15:11:30.767,7.1795,7.1816,1.00,1.60
2009.12.15 15:11:36.086,7.1796,7.1815,1.00,1.60
2009.12.15 15:11:36.376,7.1796,7.1816,1.00,1.60
2009.12.15 15:11:36.956,7.1796,7.1815,1.00,1.60
2009.12.15 15:11:38.185,7.1796,7.18145,1.00,1.60
2009.12.15 15:11:38.425,7.1792,7.1811,1.00,1.60
2009.12.15 15:11:41.285,7.17915,7.1811,1.00,1.70
2009.12.15 15:11:45.233,7.1788,7.1816,1.60,1.60
2009.12.15 15:11:45.513,7.1795,7.1816,1.00,1.60
2009.12.15 15:11:46.383,7.1795,7.1813,1.00,1.60
2009.12.15 15:11:46.543,7.179,7.1811,1.00,1.60
2009.12.15 15:11:48.053,7.1795,7.1811,1.00,1.60
2009.12.15 15:11:48.383,7.179,7.1811,1.00,1.60
2009.12.15 15:11:48.723,7.1785,7.1813,1.60,1.60
2009.12.15 15:11:48.993,7.17855,7.1813,1.60,1.60
2009.12.15 15:11:52.102,7.1794,7.1816,1.00,1.60
2009.12.15 15:11:52.402,7.17845,7.1813,1.60,1.60
2009.12.15 15:11:52.642,7.17835,7.1813,1.60,1.60
2009.12.15 15:11:53.322,7.17845,7.1813,1.60,1.60
2009.12.15 15:11:55.711,7.1794,7.1816,1.00,1.60
2009.12.15 15:11:57.861,7.1796,7.1817,1.00,1.60
2009.12.15 15:12:05.909,7.1791,7.1812,1.00,1.60
2009.12.15 15:12:07.129,7.1787,7.1815,1.60,1.60
2009.12.15 15:12:08.328,7.1785,7.181,1.00,1.60
2009.12.15 15:12:08.558,7.17835,7.181,1.60,1.60
2009.12.15 15:12:09.258,7.17825,7.181,1.60,1.60
2009.12.15 15:12:10.227,7.1788,7.181,1.00,1.60
2009.12.15 15:12:11.207,7.17855,7.181,1.60,1.60
2009.12.15 15:12:11.377,7.1787,7.1815,1.60,1.60
2009.12.15 15:12:11.827,7.179,7.1814,1.00,1.00
2009.12.15 15:12:12.047,7.179,7.181,1.00,1.60
2009.12.15 15:12:12.397,7.1784,7.1812,1.60,1.60
2009.12.15 15:12:12.727,7.179,7.1812,1.00,1.60
2009.12.15 15:12:14.337,7.179,7.1814,1.00,1.00
2009.12.15 15:12:14.687,7.1787,7.1815,1.60,1.60
2009.12.15 15:12:19.085,7.1794,7.1812,1.00,1.60
2009.12.15 15:12:19.266,7.1794,7.1817,1.00,1.60
2009.12.15 15:12:20.885,7.1796,7.1812,1.00,1.60
2009.12.15 15:12:21.245,7.1791,7.1812,1.00,1.60
2009.12.15 15:12:23.544,7.1791,7.181,1.00,1.60
2009.12.15 15:12:23.655,7.17795,7.1805,1.60,1.60
2009.12.15 15:12:24.055,7.1775,7.1802,1.00,1.60
2009.12.15 15:12:24.224,7.1779,7.1802,1.00,1.60
2009.12.15 15:12:26.484,7.1777,7.1805,1.60,1.60
2009.12.15 15:12:26.834,7.1784,7.1807,1.00,1.60
2009.12.15 15:12:28.523,7.1773,7.18,1.00,1.60
2009.12.15 15:12:28.873,7.17705,7.18,1.60,1.60
2009.12.15 15:12:30.293,7.1779,7.18,1.00,1.60
2009.12.15 15:12:31.103,7.1778,7.1806,1.60,1.60
2009.12.15 15:12:31.392,7.1777,7.1805,1.60,1.60
2009.12.15 15:12:36.092,7.178,7.1802,1.00,1.60
2009.12.15 15:12:37.251,7.1781,7.1802,1.00,1.60
2009.12.15 15:12:37.991,7.1774,7.1802,1.60,1.60
2009.12.15 15:12:38.331,7.17725,7.18,1.60,1.60
2009.12.15 15:12:39.590,7.1772,7.18,1.60,1.60
2009.12.15 15:12:40.941,7.17665,7.1793,1.60,1.60
2009.12.15 15:12:41.220,7.1771,7.1791,1.00,1.60
2009.12.15 15:12:42.060,7.17655,7.1793,1.60,1.60
2009.12.15 15:12:42.290,7.1774,7.1796,1.00,3.20
2009.12.15 15:12:42.580,7.1774,7.1796,1.00,1.60
2009.12.15 15:12:43.270,7.1773,7.1803,1.60,1.60
2009.12.15 15:12:43.630,7.17785,7.1802,1.60,1.60
2009.12.15 15:12:45.029,7.178,7.1802,1.00,1.60
2009.12.15 15:12:47.659,7.17785,7.1805,1.60,1.60
2009.12.15 15:12:48.159,7.17805,7.1807,1.60,1.60
2009.12.15 15:12:48.339,7.17785,7.1805,1.60,1.60
2009.12.15 15:12:48.458,7.17805,7.1807,1.60,1.60
2009.12.15 15:12:48.619,7.1786,7.1807,1.00,1.60
2009.12.15 15:12:56.487,7.1781,7.1804,1.00,1.00
2009.12.15 15:12:56.717,7.1781,7.1802,1.00,1.60
2009.12.15 15:12:56.936,7.17785,7.1802,1.60,1.60
2009.12.15 15:12:57.336,7.17785,7.1805,1.60,1.60
2009.12.15 15:12:58.436,7.17795,7.1805,1.60,1.60
2009.12.15 15:12:59.846,7.1786,7.1807,1.00,1.60
2009.12.15 15:13:03.895,7.1781,7.1803,1.00,1.00
2009.12.15 15:13:04.245,7.17795,7.1805,1.60,1.60
2009.12.15 15:13:04.865,7.1777,7.1805,1.60,1.60
2009.12.15 15:13:08.993,7.17755,7.1802,1.60,1.60
2009.12.15 15:13:09.214,7.1782,7.1802,1.00,1.60
2009.12.15 15:13:09.604,7.1777,7.1805,1.60,1.60
2009.12.15 15:13:11.363,7.1782,7.1803,1.00,1.00
2009.12.15 15:13:11.863,7.1777,7.1805,1.60,1.60
2009.12.15 15:13:12.483,7.1785,7.1805,1.00,1.60
2009.12.15 15:13:12.823,7.1785,7.1807,1.00,1.60
2009.12.15 15:13:13.153,7.179,7.1807,1.00,1.60
2009.12.15 15:13:13.502,7.179,7.1812,1.00,1.60
2009.12.15 15:13:14.943,7.1788,7.181,1.00,1.60
2009.12.15 15:13:17.851,7.1792,7.1812,1.00,1.60
2009.12.15 15:13:18.491,7.1788,7.181,1.00,1.60
2009.12.15 15:13:22.240,7.1792,7.1812,1.00,1.60
2009.12.15 15:13:23.040,7.1788,7.181,1.00,1.60
2009.12.15 15:13:24.270,7.1787,7.1807,1.00,1.60
2009.12.15 15:13:28.729,7.1782,7.1802,1.00,1.60
2009.12.15 15:13:33.837,7.1783,7.1807,1.00,1.70
2009.12.15 15:13:34.067,7.17865,7.1807,1.00,1.60
2009.12.15 15:13:34.237,7.1783,7.1807,1.00,1.70
2009.12.15 15:13:34.468,7.1787,7.1805,1.00,1.60
2009.12.15 15:13:34.807,7.1787,7.1807,1.00,1.60
2009.12.15 15:13:39.366,7.1782,7.1802,1.00,1.60
2009.12.15 15:13:41.196,7.1777,7.1798,1.00,1.00
2009.12.15 15:13:41.526,7.1777,7.1797,1.00,1.60
2009.12.15 15:13:43.236,7.1782,7.1802,1.00,1.60
2009.12.15 15:13:45.445,7.1782,7.1797,1.00,1.60
2009.12.15 15:13:45.745,7.1777,7.1797,1.00,1.60
2009.12.15 15:13:47.834,7.1776,7.1804,1.60,1.60
2009.12.15 15:13:48.514,7.1774,7.1802,1.60,1.60
2009.12.15 15:13:48.974,7.17675,7.1795,1.60,1.60
2009.12.15 15:13:49.614,7.17675,7.1797,1.60,1.60
2009.12.15 15:13:49.894,7.17685,7.18045,1.60,3.00
2009.12.15 15:13:50.734,7.1768,7.1792,1.00,1.00
2009.12.15 15:13:51.473,7.177,7.1793,1.00,1.60
2009.12.15 15:13:53.633,7.17655,7.1793,1.60,1.60
2009.12.15 15:13:54.373,7.1771,7.1793,1.00,1.60
2009.12.15 15:13:54.643,7.177,7.1792,1.00,1.60
2009.12.15 15:13:55.342,7.1765,7.1788,1.00,1.00
2009.12.15 15:13:55.732,7.1765,7.1787,1.00,1.60
2009.12.15 15:13:58.311,7.1766,7.1787,1.00,1.60
2009.12.15 15:14:02.120,7.1765,7.1787,1.00,1.70
2009.12.15 15:14:02.710,7.1765,7.1786,1.00,1.60
2009.12.15 15:14:03.120,7.1765,7.1786,1.00,1.70
2009.12.15 15:14:03.470,7.1765,7.1781,1.00,1.60
2009.12.15 15:14:03.750,7.1761,7.1781,1.00,1.00
2009.12.15 15:14:04.090,7.1761,7.1781,1.00,1.70
2009.12.15 15:14:06.260,7.1749,7.1773,1.00,1.00
2009.12.15 15:14:06.700,7.1749,7.1777,1.00,1.00
2009.12.15 15:14:06.929,7.1749,7.1776,1.00,1.60
2009.12.15 15:14:07.389,7.1756,7.1771,1.00,1.60
2009.12.15 15:14:08.089,7.1756,7.1776,1.00,1.70
2009.12.15 15:14:09.189,7.1756,7.1776,1.00,1.00
2009.12.15 15:14:09.589,7.1761,7.1781,1.00,1.70
2009.12.15 15:14:11.838,7.176,7.178,1.00,1.00
2009.12.15 15:14:12.348,7.1761,7.1781,1.00,1.60
2009.12.15 15:14:12.638,7.1761,7.1784,1.00,1.00
2009.12.15 15:14:12.918,7.1761,7.1783,1.00,1.60
2009.12.15 15:14:14.308,7.1761,7.1783,1.00,1.70
2009.12.15 15:14:17.557,7.175,7.1771,1.00,1.60
2009.12.15 15:14:17.737,7.1742,7.17735,4.00,1.60
2009.12.15 15:14:17.967,7.1742,7.1774,1.60,3.20
2009.12.15 15:14:18.197,7.1742,7.1774,1.60,1.60
2009.12.15 15:14:18.537,7.1749,7.1773,1.00,1.60
2009.12.15 15:14:19.007,7.1739,7.1773,1.60,1.60
2009.12.15 15:14:19.356,7.1748,7.1768,1.00,1.60
2009.12.15 15:14:19.746,7.1748,7.1771,1.00,1.60
2009.12.15 15:14:20.086,7.1743,7.1773,1.60,1.60
2009.12.15 15:14:20.436,7.1751,7.1773,1.00,1.60
2009.12.15 15:14:21.296,7.1751,7.1773,1.00,1.70
2009.12.15 15:14:21.626,7.1751,7.1771,1.00,1.60
2009.12.15 15:14:21.796,7.175,7.1769,1.00,1.00
2009.12.15 15:14:22.936,7.17505,7.1773,1.00,1.70
2009.12.15 15:14:24.595,7.1746,7.1767,1.00,1.00
2009.12.15 15:14:25.335,7.1744,7.1765,1.00,1.00
2009.12.15 15:14:25.445,7.1744,7.1768,1.00,1.60
2009.12.15 15:14:25.855,7.1752,7.1773,1.00,1.00
2009.12.15 15:14:26.595,7.1733,7.1767,1.60,1.60
2009.12.15 15:14:26.935,7.17425,7.1767,1.60,1.60
2009.12.15 15:14:27.275,7.17425,7.1769,1.60,1.60
2009.12.15 15:14:27.674,7.17445,7.1765,1.60,1.60
2009.12.15 15:14:28.015,7.1737,7.1765,1.60,1.60
2009.12.15 15:14:28.354,7.1744,7.1765,1.00,1.60
2009.12.15 15:14:28.764,7.1744,7.1767,1.00,1.70
2009.12.15 15:14:29.354,7.1744,7.1767,1.00,3.30
2009.12.15 15:14:29.684,7.1744,7.1763,1.00,1.00
2009.12.15 15:14:38.852,7.1744,7.17565,1.00,1.60
2009.12.15 15:14:40.061,7.1745,7.17565,1.00,1.60
2009.12.15 15:14:40.231,7.1745,7.17565,1.00,1.60
2009.12.15 15:14:40.631,7.1745,7.17555,1.00,1.60
2009.12.15 15:14:40.861,7.1745,7.17565,1.00,1.60
2009.12.15 15:14:42.171,7.1745,7.17555,1.00,1.60
2009.12.15 15:14:42.521,7.1745,7.17565,1.00,1.60
2009.12.15 15:14:43.031,7.1745,7.17575,1.00,1.60
2009.12.15 15:14:44.481,7.1745,7.17595,1.00,1.60
2009.12.15 15:14:44.940,7.1745,7.17565,1.00,1.60
2009.12.15 15:14:45.220,7.174,7.17565,1.00,1.60
2009.12.15 15:14:45.570,7.1736,7.17535,1.00,1.60
2009.12.15 15:14:45.860,7.1736,7.17505,1.00,1.60
2009.12.15 15:14:46.190,7.1736,7.17495,1.00,1.60
2009.12.15 15:14:46.480,7.1735,7.17495,1.00,1.60
2009.12.15 15:14:48.089,7.1735,7.17485,1.00,1.60
2009.12.15 15:14:48.989,7.1735,7.17505,1.00,1.60
2009.12.15 15:14:49.220,7.1736,7.17505,1.00,1.60
2009.12.15 15:14:49.499,7.174,7.17515,1.00,1.60
2009.12.15 15:14:49.969,7.174,7.17525,1.00,1.60
2009.12.15 15:14:50.139,7.174,7.17535,1.00,1.60
2009.12.15 15:14:53.448,7.174,7.17525,1.00,1.60
2009.12.15 15:14:54.928,7.1739,7.17525,1.00,1.60
2009.12.15 15:14:55.708,7.1734,7.17525,1.00,1.60
2009.12.15 15:14:55.938,7.1734,7.17515,1.00,1.60
2009.12.15 15:14:56.218,7.1735,7.17515,1.00,1.60
2009.12.15 15:14:56.388,7.1735,7.17505,1.00,1.60
2009.12.15 15:14:56.687,7.1739,7.17505,1.00,1.60
2009.12.15 15:14:56.808,7.1739,7.17525,1.00,1.60
2009.12.15 15:14:58.757,7.1735,7.17525,1.00,1.60
2009.12.15 15:14:59.447,7.1735,7.17505,1.00,1.60
2009.12.15 15:14:59.607,7.1735,7.17495,1.00,1.60
2009.12.15 15:14:59.897,7.1728,7.17425,1.60,1.60
2009.12.15 15:15:00.067,7.1715,7.17425,3.30,1.60
2009.12.15 15:15:00.357,7.1715,7.17425,1.00,1.60
2009.12.15 15:15:00.746,7.1715,7.1741,1.00,1.60
2009.12.15 15:15:01.776,7.1717,7.1754,1.00,4.90
2009.12.15 15:15:02.116,7.17185,7.1754,3.20,1.00
2009.12.15 15:15:02.446,7.1718,7.1754,3.20,1.00
2009.12.15 15:15:03.236,7.1718,7.17435,3.20,1.60
2009.12.15 15:15:03.476,7.1717,7.17435,1.00,1.60
2009.12.15 15:15:03.826,7.1717,7.1743,1.00,1.60
2009.12.15 15:15:06.325,7.1717,7.17405,1.00,1.60
2009.12.15 15:15:07.965,7.1717,7.17395,1.00,1.60
2009.12.15 15:15:09.384,7.17115,7.1739,1.00,1.60
2009.12.15 15:15:09.724,7.17115,7.17385,1.00,1.60
2009.12.15 15:15:10.054,7.17115,7.17375,1.00,1.60
2009.12.15 15:15:10.354,7.17115,7.1736,1.00,1.60
2009.12.15 15:15:10.684,7.17065,7.1734,1.00,1.60
2009.12.15 15:15:13.214,7.17135,7.1736,1.00,1.60
2009.12.15 15:15:13.503,7.1721,7.17475,1.60,1.60
2009.12.15 15:15:14.183,7.1721,7.17455,1.60,1.60
2009.12.15 15:15:14.533,7.1721,7.17455,1.60,1.60
2009.12.15 15:15:14.863,7.1728,7.17485,1.00,1.60
2009.12.15 15:15:15.323,7.1726,7.17475,1.60,1.60
2009.12.15 15:15:15.503,7.1723,7.17475,1.60,1.60
2009.12.15 15:15:15.613,7.1723,7.17485,1.60,1.60
2009.12.15 15:15:16.293,7.17195,7.1741,1.60,1.60
2009.12.15 15:15:16.653,7.1712,7.1741,1.00,1.60
2009.12.15 15:15:18.532,7.1706,7.1734,1.60,1.60
2009.12.15 15:15:19.522,7.1712,7.17395,1.60,1.60
2009.12.15 15:15:19.752,7.1712,7.174,1.60,1.60
2009.12.15 15:15:21.461,7.1712,7.17385,1.60,1.60
2009.12.15 15:15:21.742,7.1712,7.17375,1.60,1.60
2009.12.15 15:15:21.972,7.1709,7.1737,1.60,1.60
2009.12.15 15:15:22.552,7.1708,7.1736,1.60,1.60
2009.12.15 15:15:23.751,7.1711,7.17375,1.60,1.60
2009.12.15 15:15:25.331,7.1713,7.17385,1.60,1.60
2009.12.15 15:15:25.731,7.1714,7.17405,1.60,1.60
2009.12.15 15:15:25.890,7.1715,7.17405,1.60,1.60
2009.12.15 15:15:26.240,7.1715,7.17395,1.60,1.60
2009.12.15 15:15:26.592,7.1712,7.17385,1.60,1.60
2009.12.15 15:15:28.790,7.1715,7.17405,1.60,1.60
2009.12.15 15:15:29.140,7.1712,7.17385,1.60,1.60
2009.12.15 15:15:29.820,7.1707,7.17345,1.60,1.60
2009.12.15 15:15:30.859,7.171,7.17345,1.60,1.60
2009.12.15 15:15:31.209,7.1709,7.17345,1.60,1.60
2009.12.15 15:15:31.559,7.1709,7.17285,1.60,1.60
2009.12.15 15:15:31.909,7.1704,7.17285,1.60,1.60
2009.12.15 15:15:32.529,7.1699,7.1727,4.80,1.60
2009.12.15 15:15:32.929,7.1702,7.17275,1.60,1.60
2009.12.15 15:15:33.259,7.1705,7.1733,1.60,1.60
2009.12.15 15:15:33.929,7.171,7.17325,1.60,1.60
2009.12.15 15:15:34.678,7.1701,7.17335,2.50,1.60
2009.12.15 15:15:35.008,7.171,7.17345,1.60,1.60
2009.12.15 15:15:35.349,7.1712,7.17365,1.60,1.60
2009.12.15 15:15:39.857,7.171,7.17365,1.60,1.60
2009.12.15 15:15:40.087,7.171,7.17375,1.60,1.60
2009.12.15 15:15:40.937,7.171,7.17365,1.60,1.60
2009.12.15 15:15:41.936,7.171,7.17375,1.60,1.60
2009.12.15 15:15:43.906,7.171,7.17365,1.60,1.60
2009.12.15 15:15:44.136,7.1712,7.17365,1.60,1.60
2009.12.15 15:15:44.306,7.1718,7.17365,1.00,1.60
2009.12.15 15:15:44.486,7.1724,7.17485,1.60,1.60
2009.12.15 15:15:45.326,7.1724,7.17475,1.60,1.60
2009.12.15 15:15:45.496,7.1721,7.17455,1.60,1.60
2009.12.15 15:15:46.075,7.1721,7.17445,1.60,1.60
2009.12.15 15:15:46.955,7.1721,7.17435,1.60,1.60
2009.12.15 15:15:47.315,7.1726,7.17435,1.00,1.60
2009.12.15 15:15:48.476,7.1724,7.17415,1.00,1.60
2009.12.15 15:15:49.765,7.1701,7.1735,1.60,1.60
2009.12.15 15:15:50.275,7.1703,7.1737,1.60,1.60
2009.12.15 15:15:50.395,7.1703,7.17365,1.60,1.60
2009.12.15 15:15:50.564,7.1703,7.1737,1.60,1.60
2009.12.15 15:15:51.504,7.1707,7.17335,1.60,1.60
2009.12.15 15:15:51.855,7.1706,7.1733,1.00,1.60
2009.12.15 15:15:53.464,7.1706,7.17325,1.00,1.60
2009.12.15 15:15:54.983,7.1705,7.17305,1.60,1.60
2009.12.15 15:15:55.313,7.17035,7.173,1.00,1.60
2009.12.15 15:15:56.383,7.17065,7.17325,1.00,1.60
2009.12.15 15:15:56.563,7.17065,7.17305,1.00,1.60
2009.12.15 15:15:56.783,7.1705,7.17305,1.60,1.60
2009.12.15 15:15:56.953,7.1703,7.173,1.00,1.60
2009.12.15 15:15:58.863,7.1705,7.17325,1.60,1.60
2009.12.15 15:15:59.102,7.1703,7.173,1.00,1.60
2009.12.15 15:16:02.122,7.17065,7.1728,1.00,1.60
2009.12.15 15:16:02.462,7.17065,7.17315,1.00,1.60
2009.12.15 15:16:02.802,7.1703,7.173,1.00,1.60
2009.12.15 15:16:08.531,7.1703,7.1728,1.00,1.60
2009.12.15 15:16:08.810,7.1703,7.173,1.00,1.60
2009.12.15 15:16:10.760,7.1703,7.1728,1.00,1.60
2009.12.15 15:16:15.268,7.1703,7.1727,1.00,1.60
2009.12.15 15:16:21.297,7.1703,7.173,1.00,1.60
2009.12.15 15:16:24.376,7.1703,7.1727,1.00,1.60
2009.12.15 15:16:24.716,7.1703,7.173,1.00,1.60
2009.12.15 15:16:25.466,7.16985,7.17295,1.00,1.60
2009.12.15 15:16:25.736,7.16985,7.1725,1.00,1.60
2009.12.15 15:16:26.096,7.16985,7.1713,1.00,1.00
2009.12.15 15:16:26.826,7.1702,7.1713,1.00,1.00
2009.12.15 15:16:29.575,7.1702,7.1712,1.00,1.30
2009.12.15 15:16:33.074,7.16985,7.1711,1.00,1.00
2009.12.15 15:16:33.404,7.16985,7.1711,1.00,1.00
2009.12.15 15:16:34.844,7.17,7.1711,1.60,1.00
2009.12.15 15:16:35.134,7.1698,7.1711,1.00,1.00
2009.12.15 15:16:36.494,7.16955,7.1711,1.60,1.00
2009.12.15 15:16:37.063,7.16795,7.1711,1.00,1.00
2009.12.15 15:16:42.382,7.16805,7.1711,1.60,1.00
2009.12.15 15:16:42.742,7.16795,7.1711,1.00,1.00
2009.12.15 15:16:44.642,7.16775,7.1711,1.00,1.00
2009.12.15 15:16:45.581,7.16835,7.1711,1.60,1.00
2009.12.15 15:16:45.641,7.16845,7.1711,3.20,1.00
2009.12.15 15:16:45.991,7.169,7.1711,3.20,1.00
2009.12.15 15:16:46.271,7.16915,7.1711,3.20,1.00
2009.12.15 15:16:48.171,7.16885,7.1711,3.20,1.00
2009.12.15 15:16:48.401,7.16875,7.1711,3.20,1.00
2009.12.15 15:16:48.580,7.16855,7.1711,3.20,1.00
2009.12.15 15:16:49.021,7.16835,7.1711,3.20,1.00
2009.12.15 15:16:49.360,7.16815,7.1711,3.20,1.00
2009.12.15 15:16:51.210,7.1681,7.1711,3.20,1.00
2009.12.15 15:16:52.420,7.16815,7.1711,3.20,1.00
2009.12.15 15:16:52.769,7.16815,7.171,3.20,1.60
2009.12.15 15:16:53.109,7.1679,7.171,1.00,1.60
2009.12.15 15:16:54.019,7.1675,7.1704,1.00,1.60
2009.12.15 15:16:54.379,7.1675,7.1707,1.00,1.60
2009.12.15 15:16:57.049,7.16745,7.1707,1.60,1.60
2009.12.15 15:16:58.678,7.1678,7.1709,1.00,1.60
2009.12.15 15:16:59.478,7.1678,7.1707,1.00,1.00
2009.12.15 15:16:59.758,7.16655,7.1696,1.00,1.60
2009.12.15 15:17:00.048,7.1657,7.1696,2.50,1.60
2009.12.15 15:17:00.448,7.1657,7.1694,1.00,1.60
2009.12.15 15:17:01.448,7.1666,7.1692,1.00,1.60
2009.12.15 15:17:01.798,7.16615,7.1697,1.00,1.60
2009.12.15 15:17:04.637,7.16645,7.1694,1.00,1.60
2009.12.15 15:17:05.077,7.16645,7.1695,1.00,1.60
2009.12.15 15:17:05.627,7.1669,7.1698,1.00,1.60
2009.12.15 15:17:06.026,7.1664,7.1695,1.00,1.60
2009.12.15 15:17:07.866,7.1665,7.1695,1.00,1.60
2009.12.15 15:17:10.395,7.1658,7.1688,1.00,1.60
2009.12.15 15:17:11.425,7.16575,7.1686,1.00,1.60
2009.12.15 15:17:14.064,7.166,7.1688,1.60,1.60
2009.12.15 15:17:14.755,7.16575,7.1686,1.00,1.60
2009.12.15 15:17:15.104,7.166,7.1688,1.60,1.60
2009.12.15 15:17:17.653,7.16575,7.1686,1.00,1.60
2009.12.15 15:17:19.493,7.166,7.1688,1.60,1.60
2009.12.15 15:17:21.173,7.16575,7.1686,1.00,1.60
2009.12.15 15:17:22.213,7.1657,7.1686,1.60,1.60
2009.12.15 15:17:22.852,7.1655,7.1683,1.60,1.60
2009.12.15 15:17:23.202,7.1662,7.16885,1.60,1.60
2009.12.15 15:17:23.552,7.1662,7.16895,1.60,1.60
2009.12.15 15:17:23.902,7.1662,7.16885,1.60,1.60
2009.12.15 15:17:24.592,7.1662,7.16875,1.60,1.60
2009.12.15 15:17:25.262,7.1662,7.16885,1.60,1.60
2009.12.15 15:17:25.442,7.1659,7.16875,1.60,1.60
2009.12.15 15:17:26.031,7.1659,7.1688,1.60,1.60
2009.12.15 15:17:26.381,7.1666,7.1688,1.00,1.60
2009.12.15 15:17:26.731,7.1659,7.16875,1.60,1.60
2009.12.15 15:17:27.081,7.1665,7.16875,1.00,1.60
2009.12.15 15:17:27.471,7.167,7.16915,1.00,1.60
2009.12.15 15:17:27.791,7.167,7.16895,1.00,1.60
2009.12.15 15:17:28.131,7.1672,7.1693,1.00,1.60
2009.12.15 15:17:28.821,7.1671,7.1693,1.00,1.60
2009.12.15 15:17:29.814,7.1671,7.16915,1.00,1.60
2009.12.15 15:17:30.171,7.1671,7.16925,1.00,1.60
2009.12.15 15:17:30.400,7.1671,7.1693,1.00,1.60
2009.12.15 15:17:30.730,7.1671,7.16925,1.00,1.60
2009.12.15 15:17:32.170,7.1672,7.16925,1.00,1.60
2009.12.15 15:17:32.460,7.1672,7.1693,1.00,1.60
2009.12.15 15:17:33.060,7.1672,7.16925,1.00,1.60
2009.12.15 15:17:33.750,7.1672,7.16915,1.00,1.60
2009.12.15 15:17:35.109,7.1677,7.1693,1.00,1.60
2009.12.15 15:17:35.279,7.1677,7.16965,1.00,1.60
2009.12.15 15:17:35.499,7.1677,7.16975,1.00,1.60
2009.12.15 15:17:35.899,7.1677,7.1698,1.00,1.60
2009.12.15 15:17:38.529,7.1677,7.1699,1.00,1.00
2009.12.15 15:17:38.919,7.1672,7.17,1.60,1.60
2009.12.15 15:17:39.329,7.168,7.17025,1.00,1.60
2009.12.15 15:17:40.338,7.1682,7.1703,1.00,1.60
2009.12.15 15:17:40.688,7.1682,7.17025,1.00,1.60
2009.12.15 15:17:41.038,7.1682,7.1703,1.00,1.60
2009.12.15 15:17:41.378,7.167,7.17,1.60,1.60
2009.12.15 15:17:43.328,7.1681,7.1703,1.00,1.60
2009.12.15 15:17:43.717,7.1672,7.1703,1.60,1.60
2009.12.15 15:17:44.108,7.167,7.17,1.60,1.60
2009.12.15 15:17:46.117,7.1678,7.17,1.00,1.60
2009.12.15 15:17:52.215,7.1683,7.1703,1.00,1.60
2009.12.15 15:17:52.505,7.1683,7.17,1.00,1.60
2009.12.15 15:17:52.845,7.1678,7.17,1.00,1.60
2009.12.15 15:17:56.324,7.1678,7.1698,1.00,1.00
2009.12.15 15:17:56.674,7.1678,7.17,1.00,1.60
2009.12.15 15:17:57.024,7.1677,7.17,1.00,1.60
2009.12.15 15:17:59.004,7.1678,7.17,1.00,1.60
2009.12.15 15:18:05.322,7.1683,7.1703,1.00,1.70
2009.12.15 15:18:08.971,7.1663,7.1697,1.00,1.60
2009.12.15 15:18:09.151,7.1658,7.1697,2.40,1.60
2009.12.15 15:18:09.381,7.16515,7.1697,2.50,1.60
2009.12.15 15:18:09.561,7.16515,7.1695,1.60,3.20
2009.12.15 15:18:09.961,7.16515,7.1694,1.60,3.20
2009.12.15 15:18:10.311,7.16545,7.1692,1.60,1.60
2009.12.15 15:18:11.171,7.16545,7.169,1.60,1.60
2009.12.15 15:18:13.780,7.16555,7.1694,2.50,3.20
2009.12.15 15:18:14.020,7.16565,7.16945,1.60,3.20
2009.12.15 15:18:14.310,7.16565,7.1695,1.60,4.80
2009.12.15 15:18:14.590,7.16565,7.1695,1.60,1.60
2009.12.15 15:18:15.790,7.16575,7.1695,1.60,1.60
2009.12.15 15:18:17.049,7.16565,7.1695,1.60,1.60
2009.12.15 15:18:17.689,7.16905,7.16955,3.20,3.20
2009.12.15 15:18:17.969,7.16905,7.1713,3.20,1.00
2009.12.15 15:18:18.269,7.1695,7.1713,1.00,1.00
2009.12.15 15:18:19.009,7.1699,7.17405,1.00,1.60
2009.12.15 15:18:21.438,7.1699,7.17355,1.00,1.60
2009.12.15 15:18:22.238,7.17015,7.17355,1.00,1.60
2009.12.15 15:18:22.588,7.1702,7.17375,1.00,1.60
2009.12.15 15:18:22.938,7.17085,7.17385,3.20,1.60
2009.12.15 15:18:23.278,7.1709,7.17385,3.20,1.60
2009.12.15 15:18:23.858,7.17095,7.17385,3.20,1.60
2009.12.15 15:18:24.918,7.17115,7.17365,3.20,1.60
2009.12.15 15:18:25.097,7.17075,7.17365,3.20,1.60
2009.12.15 15:18:25.487,7.1707,7.17355,3.20,1.60
2009.12.15 15:18:27.197,7.17055,7.17325,3.20,1.60
2009.12.15 15:18:29.826,7.17055,7.17345,3.20,1.60
2009.12.15 15:18:30.816,7.17055,7.17325,3.20,1.60
2009.12.15 15:18:32.346,7.17055,7.17305,3.20,1.60
2009.12.15 15:18:32.586,7.17055,7.17325,3.20,1.60
2009.12.15 15:18:32.925,7.1709,7.17305,3.20,1.60
2009.12.15 15:18:33.275,7.1708,7.17305,3.20,1.60
2009.12.15 15:18:33.675,7.17075,7.17305,3.20,1.60
2009.12.15 15:18:34.015,7.1707,7.17315,3.20,1.60
2009.12.15 15:18:34.365,7.17095,7.17335,3.20,1.60
2009.12.15 15:18:34.715,7.17105,7.17335,3.20,1.60
2009.12.15 15:18:35.055,7.1707,7.17335,1.70,1.60
2009.12.15 15:18:36.964,7.1708,7.17335,1.00,1.60
2009.12.15 15:18:37.484,7.1708,7.17345,1.00,1.60
2009.12.15 15:18:37.844,7.1709,7.17345,1.00,1.60
2009.12.15 15:18:38.944,7.1709,7.17355,1.00,1.60
2009.12.15 15:18:39.884,7.1707,7.17355,1.00,1.60
2009.12.15 15:18:40.104,7.1706,7.17335,1.00,1.60
2009.12.15 15:18:40.484,7.1704,7.17325,1.00,1.60
2009.12.15 15:18:42.263,7.17045,7.17325,1.00,1.60
2009.12.15 15:18:43.633,7.17045,7.17315,1.00,1.60
2009.12.15 15:18:43.913,7.1706,7.17335,1.00,1.60
2009.12.15 15:18:44.243,7.1713,7.17345,1.60,1.60
2009.12.15 15:18:44.563,7.1713,7.17355,1.60,1.60
2009.12.15 15:18:46.652,7.1713,7.17355,1.60,1.60
2009.12.15 15:18:46.992,7.1713,7.17345,1.60,1.60
2009.12.15 15:18:47.382,7.1713,7.17335,1.60,1.60
2009.12.15 15:18:48.722,7.171,7.17335,1.60,1.60
2009.12.15 15:18:49.062,7.1713,7.17325,1.60,1.60
2009.12.15 15:18:50.921,7.1713,7.17315,1.60,1.60
2009.12.15 15:18:53.651,7.1713,7.17305,1.60,1.60
2009.12.15 15:18:53.880,7.1713,7.17315,1.60,1.60
2009.12.15 15:19:07.427,7.1713,7.17335,1.60,1.60
2009.12.15 15:19:07.597,7.17065,7.1733,1.00,1.60
2009.12.15 15:19:07.887,7.1705,7.17305,1.60,1.60
2009.12.15 15:19:08.227,7.1705,7.17315,1.60,1.60
2009.12.15 15:19:08.517,7.1705,7.17295,1.60,1.60
2009.12.15 15:19:09.147,7.1705,7.17305,1.60,1.60
2009.12.15 15:19:10.057,7.1712,7.17305,1.00,1.60
2009.12.15 15:19:10.506,7.1712,7.17295,1.00,1.60
2009.12.15 15:19:10.956,7.1717,7.17315,1.00,1.60
2009.12.15 15:19:15.106,7.1717,7.17325,1.00,1.60
2009.12.15 15:19:16.665,7.17165,7.17315,1.00,1.60
2009.12.15 15:19:18.385,7.1717,7.17325,1.00,1.60
2009.12.15 15:19:21.324,7.1717,7.1735,1.00,1.00
2009.12.15 15:19:21.795,7.1715,7.17365,1.60,1.60
2009.12.15 15:19:21.974,7.1715,7.17355,1.60,1.60
2009.12.15 15:19:23.903,7.172,7.17425,1.60,1.60
2009.12.15 15:19:24.383,7.172,7.17445,1.60,1.60
2009.12.15 15:19:27.962,7.172,7.17455,1.60,1.60
2009.12.15 15:19:28.952,7.172,7.17395,1.60,1.60
2009.12.15 15:19:29.232,7.1718,7.17395,1.60,1.60
2009.12.15 15:19:31.391,7.1715,7.17355,1.60,1.60
2009.12.15 15:19:31.691,7.1715,7.17345,1.60,1.60
2009.12.15 15:19:32.251,7.1715,7.17365,1.60,1.60
2009.12.15 15:19:34.481,7.1715,7.17375,1.60,1.60
2009.12.15 15:19:34.651,7.1715,7.17385,1.60,1.60
2009.12.15 15:19:35.001,7.1715,7.1743,1.60,3.20
2009.12.15 15:19:35.531,7.1715,7.17355,1.60,1.60
2009.12.15 15:19:36.230,7.1715,7.17365,1.60,1.60
2009.12.15 15:19:36.860,7.1715,7.17355,1.60,1.60
2009.12.15 15:19:37.090,7.1715,7.17365,1.60,1.60
2009.12.15 15:19:37.770,7.1715,7.17375,1.60,1.60
2009.12.15 15:19:38.450,7.1717,7.17375,1.60,1.60
2009.12.15 15:19:39.369,7.1717,7.17385,1.60,1.60
2009.12.15 15:19:39.709,7.1717,7.17375,1.60,1.60
2009.12.15 15:19:40.150,7.1717,7.17355,1.60,1.60
2009.12.15 15:19:40.499,7.1717,7.17375,1.60,1.60
2009.12.15 15:19:41.489,7.1713,7.17365,1.60,1.60
2009.12.15 15:19:42.709,7.1713,7.17395,1.60,1.60
2009.12.15 15:19:42.938,7.1713,7.17405,1.60,1.60
2009.12.15 15:19:43.678,7.1713,7.1741,1.60,1.60
2009.12.15 15:19:45.398,7.1713,7.17405,1.60,1.60
2009.12.15 15:19:47.067,7.1713,7.17395,1.60,1.60
2009.12.15 15:19:47.417,7.1713,7.17405,1.60,1.60
2009.12.15 15:19:55.565,7.1713,7.1741,1.60,1.60
2009.12.15 15:19:58.565,7.1718,7.17415,1.60,1.60
2009.12.15 15:19:58.915,7.1716,7.17415,1.60,1.60
2009.12.15 15:20:00.094,7.1716,7.17405,1.60,1.60
2009.12.15 15:20:00.264,7.1721,7.17405,1.00,1.60
2009.12.15 15:20:00.434,7.1721,7.17395,1.00,1.60
2009.12.15 15:20:00.664,7.1721,7.1741,1.00,1.60
2009.12.15 15:20:00.845,7.1721,7.17405,1.00,1.60
2009.12.15 15:20:02.254,7.1721,7.1741,1.00,1.60
2009.12.15 15:20:02.584,7.1716,7.17415,1.60,1.60
2009.12.15 15:20:02.824,7.1721,7.1741,1.00,1.60
2009.12.15 15:20:03.574,7.1716,7.17405,1.60,1.60
2009.12.15 15:20:04.314,7.1721,7.17405,1.00,1.60
2009.12.15 15:20:05.363,7.1721,7.17395,1.00,1.60
2009.12.15 15:20:05.824,7.1719,7.17395,1.00,1.60
2009.12.15 15:20:07.803,7.1719,7.1741,1.00,1.60
2009.12.15 15:20:10.003,7.1714,7.1741,1.60,1.60
2009.12.15 15:20:10.183,7.1722,7.1741,1.00,1.60
2009.12.15 15:20:10.302,7.1722,7.17415,1.00,1.60
2009.12.15 15:20:10.422,7.1722,7.17435,1.00,1.60
2009.12.15 15:20:10.592,7.1718,7.1743,1.00,1.00
2009.12.15 15:20:10.702,7.1714,7.17435,1.60,1.60
2009.12.15 15:20:11.432,7.172,7.17405,1.00,1.60
2009.12.15 15:20:12.022,7.172,7.17415,1.00,1.60
2009.12.15 15:20:12.471,7.172,7.1741,1.00,1.60
2009.12.15 15:20:13.721,7.1714,7.1741,1.60,1.60
2009.12.15 15:20:14.061,7.172,7.17515,1.60,1.60
2009.12.15 15:20:14.581,7.172,7.17495,1.60,1.60
2009.12.15 15:20:15.551,7.172,7.17495,1.60,1.60
2009.12.15 15:20:15.901,7.172,7.17465,1.60,1.60
2009.12.15 15:20:16.250,7.1717,7.17465,1.60,1.60
2009.12.15 15:20:16.581,7.172,7.17465,1.60,1.60
2009.12.15 15:20:17.860,7.172,7.17485,1.60,1.60
2009.12.15 15:20:18.210,7.172,7.17465,1.60,1.60
2009.12.15 15:20:18.500,7.1719,7.17465,1.60,1.60
2009.12.15 15:20:19.580,7.1719,7.17475,1.60,1.60
2009.12.15 15:20:20.320,7.1714,7.17465,1.60,1.60
2009.12.15 15:20:20.610,7.1717,7.17465,1.60,1.60
2009.12.15 15:20:20.889,7.1717,7.17475,1.60,1.60
2009.12.15 15:20:21.129,7.1717,7.17465,1.60,1.60
2009.12.15 15:20:22.250,7.1714,7.17435,1.60,1.60
2009.12.15 15:20:22.549,7.1714,7.17445,1.60,1.60
2009.12.15 15:20:23.699,7.1714,7.17455,1.60,1.60
2009.12.15 15:20:24.049,7.1714,7.17445,1.60,1.60
2009.12.15 15:20:24.749,7.1714,7.17425,1.60,1.60
2009.12.15 15:20:25.389,7.1709,7.17385,1.60,1.60
2009.12.15 15:20:25.958,7.1704,7.17355,1.60,1.60
2009.12.15 15:20:26.248,7.1704,7.17335,1.60,1.60
2009.12.15 15:20:26.529,7.1704,7.17325,1.60,1.60
2009.12.15 15:20:28.158,7.1704,7.17315,1.60,1.60
2009.12.15 15:20:28.777,7.1704,7.17335,1.60,1.60
2009.12.15 15:20:29.687,7.1704,7.17315,1.60,1.60
2009.12.15 15:20:30.037,7.1704,7.17325,1.60,1.60
2009.12.15 15:20:39.995,7.1704,7.17335,1.60,1.60
2009.12.15 15:20:40.165,7.1707,7.17335,1.60,1.60
2009.12.15 15:20:42.664,7.1704,7.17315,1.60,1.60
2009.12.15 15:20:44.564,7.1707,7.17335,1.60,1.60
2009.12.15 15:20:44.834,7.1707,7.17355,1.60,1.60
2009.12.15 15:20:47.663,7.1704,7.17355,1.60,1.60
2009.12.15 15:20:48.054,7.1709,7.17355,1.60,1.60
2009.12.15 15:20:48.403,7.1709,7.17345,1.60,1.60
2009.12.15 15:20:49.103,7.1709,7.17355,1.60,1.60
2009.12.15 15:20:49.792,7.1709,7.17345,1.60,1.60
2009.12.15 15:20:50.083,7.1707,7.17345,1.60,1.60
2009.12.15 15:20:50.303,7.1704,7.17345,1.60,1.60
2009.12.15 15:20:50.582,7.1704,7.17325,1.60,1.60
2009.12.15 15:20:50.822,7.1704,7.17335,1.60,1.60
2009.12.15 15:20:51.172,7.1704,7.17315,1.60,1.60
2009.12.15 15:20:52.022,7.1701,7.17245,1.60,1.60
2009.12.15 15:20:54.052,7.1698,7.17245,1.60,1.60
2009.12.15 15:20:54.282,7.1701,7.17245,1.60,1.60
2009.12.15 15:20:54.461,7.1701,7.17255,1.60,1.60
2009.12.15 15:20:54.882,7.1703,7.17265,1.60,1.60
2009.12.15 15:20:55.111,7.1703,7.17285,1.60,1.60
2009.12.15 15:20:55.571,7.1701,7.17265,1.60,1.60
2009.12.15 15:20:55.801,7.1703,7.17245,1.60,1.60
2009.12.15 15:20:56.081,7.17,7.17245,1.60,1.60
2009.12.15 15:20:56.701,7.17,7.17175,1.60,1.60
2009.12.15 15:20:57.051,7.1698,7.17155,1.60,1.60
2009.12.15 15:20:57.391,7.1698,7.17165,1.60,1.60
2009.12.15 15:20:57.740,7.17,7.17205,1.60,1.60
2009.12.15 15:20:58.090,7.1703,7.17205,1.60,1.60
2009.12.15 15:20:58.440,7.1703,7.17235,1.60,1.60
2009.12.15 15:20:59.140,7.1703,7.17255,1.60,1.60
2009.12.15 15:20:59.491,7.1705,7.17245,1.60,1.60
2009.12.15 15:20:59.840,7.1705,7.17255,1.60,1.60
2009.12.15 15:21:01.760,7.1705,7.17265,1.60,1.60
2009.12.15 15:21:02.279,7.1705,7.17305,1.60,1.60
2009.12.15 15:21:02.619,7.1705,7.17285,1.60,1.60
2009.12.15 15:21:02.899,7.1705,7.17275,1.60,1.60
2009.12.15 15:21:03.239,7.17,7.17275,1.60,1.60
2009.12.15 15:21:03.529,7.17,7.17255,1.60,1.60
2009.12.15 15:21:04.269,7.17,7.17245,1.60,1.60
2009.12.15 15:21:05.669,7.17,7.17235,1.60,1.60
2009.12.15 15:21:06.178,7.1695,7.17225,1.60,1.60
2009.12.15 15:21:06.409,7.1695,7.17205,1.60,1.60
2009.12.15 15:21:06.649,7.1695,7.17185,1.60,1.60
2009.12.15 15:21:07.048,7.169,7.1718,1.60,1.60
2009.12.15 15:21:07.378,7.169,7.17155,1.60,1.60
2009.12.15 15:21:07.719,7.169,7.1718,1.60,1.60
2009.12.15 15:21:08.128,7.1696,7.17195,1.60,1.60
2009.12.15 15:21:08.470,7.1696,7.17205,1.60,1.60
2009.12.15 15:21:09.148,7.1695,7.17195,1.60,1.60
2009.12.15 15:21:09.558,7.1698,7.17215,1.60,1.60
2009.12.15 15:21:10.078,7.1698,7.17225,1.60,1.60
2009.12.15 15:21:10.468,7.1695,7.17215,1.60,1.60
2009.12.15 15:21:10.817,7.1698,7.17225,1.60,1.60
2009.12.15 15:21:11.217,7.17,7.17225,1.60,1.60
2009.12.15 15:21:11.518,7.1695,7.17225,1.60,1.60
2009.12.15 15:21:11.927,7.1698,7.17215,1.60,1.60
2009.12.15 15:21:12.427,7.1698,7.17155,1.60,1.60
2009.12.15 15:21:12.727,7.1688,7.17155,1.60,1.60
2009.12.15 15:21:12.967,7.1691,7.17155,1.60,1.60
2009.12.15 15:21:13.307,7.1687,7.17155,1.60,1.60
2009.12.15 15:21:14.027,7.1686,7.17105,1.60,1.60
2009.12.15 15:21:14.467,7.1683,7.17115,1.60,1.60
2009.12.15 15:21:15.097,7.1683,7.1711,1.60,1.60
2009.12.15 15:21:15.386,7.1689,7.17115,1.60,1.60
2009.12.15 15:21:15.946,7.1686,7.17095,1.60,1.60
2009.12.15 15:21:16.236,7.1691,7.17115,1.60,1.60
2009.12.15 15:21:16.586,7.1685,7.17075,1.00,1.60
2009.12.15 15:21:16.926,7.1681,7.1708,1.60,1.60
2009.12.15 15:21:17.326,7.1681,7.17045,1.60,1.60
2009.12.15 15:21:17.666,7.1681,7.17035,1.60,1.60
2009.12.15 15:21:18.246,7.1678,7.17025,1.60,1.60
2009.12.15 15:21:18.646,7.1678,7.17015,1.60,1.60
2009.12.15 15:21:19.008,7.168,7.17015,1.60,1.60
2009.12.15 15:21:19.715,7.1675,7.17005,1.60,1.60
2009.12.15 15:21:20.066,7.1671,7.16975,1.60,1.60
2009.12.15 15:21:20.415,7.1671,7.16955,1.60,1.60
2009.12.15 15:21:20.985,7.1673,7.16955,1.60,1.60
2009.12.15 15:21:21.275,7.1675,7.16955,1.60,1.60
2009.12.15 15:21:21.554,7.1678,7.16975,1.60,1.60
2009.12.15 15:21:22.724,7.1678,7.16985,1.60,1.60
2009.12.15 15:21:23.404,7.168,7.16985,1.60,1.60
2009.12.15 15:21:23.824,7.168,7.16995,1.60,1.60
2009.12.15 15:21:24.174,7.1677,7.16985,1.60,1.60
2009.12.15 15:21:24.524,7.168,7.17005,1.60,1.60
2009.12.15 15:21:24.884,7.168,7.16985,1.60,1.60
2009.12.15 15:21:25.234,7.168,7.17005,1.60,1.60
2009.12.15 15:21:25.863,7.168,7.16995,1.60,1.60
2009.12.15 15:21:27.303,7.168,7.17005,1.60,1.60
2009.12.15 15:21:29.933,7.168,7.1708,1.60,1.60
2009.12.15 15:21:30.053,7.1681,7.1708,1.60,1.60
2009.12.15 15:21:30.512,7.1686,7.1713,1.60,1.60
2009.12.15 15:21:31.152,7.16815,7.1711,1.60,1.60
2009.12.15 15:21:31.492,7.1678,7.1706,1.60,1.60
2009.12.15 15:21:32.122,7.1679,7.17095,1.60,1.60
2009.12.15 15:21:32.412,7.1686,7.1713,1.60,1.60
2009.12.15 15:21:32.642,7.1689,7.1716,1.60,1.60
2009.12.15 15:21:34.791,7.1686,7.1714,1.60,1.60
2009.12.15 15:21:36.001,7.1681,7.1709,1.60,1.60
2009.12.15 15:21:36.281,7.1684,7.1711,1.60,1.60
2009.12.15 15:21:36.581,7.1681,7.1709,1.60,1.60
2009.12.15 15:21:37.840,7.1679,7.1706,1.60,1.60
2009.12.15 15:21:38.181,7.1676,7.1704,1.60,1.60
2009.12.15 15:21:38.530,7.1681,7.1709,1.60,1.60
2009.12.15 15:21:39.220,7.1659,7.1704,2.40,1.60
2009.12.15 15:21:39.560,7.16605,7.1704,1.60,1.60
2009.12.15 15:21:40.200,7.1657,7.1704,1.60,1.60
2009.12.15 15:21:40.530,7.16595,7.1699,1.60,1.60
2009.12.15 15:21:41.680,7.16625,7.1704,1.60,1.60
2009.12.15 15:21:41.919,7.16635,7.1704,1.60,1.60
2009.12.15 15:21:42.130,7.1664,7.1706,3.20,1.60
2009.12.15 15:21:42.400,7.16665,7.1709,1.60,1.60
2009.12.15 15:21:43.619,7.1685,7.1719,1.60,1.60
2009.12.15 15:21:47.538,7.1687,7.1714,1.60,1.60
2009.12.15 15:21:50.128,7.1689,7.1717,1.60,1.60
2009.12.15 15:21:50.398,7.1692,7.17185,1.60,1.60
2009.12.15 15:21:50.807,7.1692,7.1719,1.60,1.60
2009.12.15 15:21:51.378,7.1689,7.1717,1.60,1.60
2009.12.15 15:21:51.727,7.1687,7.1714,1.60,1.60
2009.12.15 15:21:53.277,7.1684,7.1712,1.60,1.60
2009.12.15 15:21:53.857,7.1687,7.1714,1.60,1.60
2009.12.15 15:21:54.507,7.1689,7.1717,1.60,1.60
2009.12.15 15:21:55.666,7.1692,7.1719,1.60,1.60
2009.12.15 15:21:56.086,7.1694,7.1722,1.60,1.60
2009.12.15 15:21:57.176,7.1697,7.1724,1.60,1.60
2009.12.15 15:21:57.506,7.1699,7.1726,1.60,1.60
2009.12.15 15:21:59.245,7.1694,7.1722,1.60,1.60
2009.12.15 15:21:59.605,7.1692,7.1719,1.60,1.60
2009.12.15 15:22:01.005,7.1694,7.17215,1.60,1.60
2009.12.15 15:22:01.355,7.1694,7.1722,1.60,1.60
2009.12.15 15:22:01.715,7.1697,7.17225,1.60,1.60
2009.12.15 15:22:01.945,7.1697,7.17235,1.60,1.60
2009.12.15 15:22:03.915,7.1694,7.1722,1.60,1.60
2009.12.15 15:22:05.944,7.1697,7.17225,1.60,1.60
2009.12.15 15:22:06.674,7.1694,7.17215,1.60,1.60
2009.12.15 15:22:07.064,7.1689,7.1717,1.60,1.60
2009.12.15 15:22:07.295,7.1692,7.1719,1.60,1.60
2009.12.15 15:22:09.203,7.1692,7.17185,1.60,1.60
2009.12.15 15:22:09.843,7.1694,7.17175,1.60,1.60
2009.12.15 15:22:10.763,7.1694,7.17195,1.60,1.60
2009.12.15 15:22:10.933,7.1697,7.17195,1.60,1.60
2009.12.15 15:22:11.283,7.1694,7.17185,1.60,1.60
2009.12.15 15:22:11.633,7.1697,7.17195,1.60,1.60
2009.12.15 15:22:12.342,7.1697,7.17185,1.60,1.60
2009.12.15 15:22:12.742,7.1697,7.17195,1.60,1.60
2009.12.15 15:22:13.433,7.1697,7.17205,1.60,1.60
2009.12.15 15:22:13.672,7.1694,7.17205,1.60,1.60
2009.12.15 15:22:14.142,7.1697,7.17185,1.60,1.60
2009.12.15 15:22:14.372,7.1694,7.17195,1.60,1.60
2009.12.15 15:22:14.652,7.1697,7.17195,1.60,1.60
2009.12.15 15:22:14.992,7.1697,7.17205,1.60,1.60
2009.12.15 15:22:15.332,7.1694,7.17195,1.60,1.60
2009.12.15 15:22:15.731,7.1694,7.17205,1.60,1.60
2009.12.15 15:22:16.831,7.1697,7.17205,1.60,1.60
2009.12.15 15:22:17.171,7.1694,7.17205,1.60,1.60
2009.12.15 15:22:17.521,7.1697,7.17195,1.60,1.60
2009.12.15 15:22:17.911,7.1697,7.17205,1.60,1.60
2009.12.15 15:22:20.080,7.1697,7.17215,1.60,1.60
2009.12.15 15:22:20.261,7.1697,7.17195,1.60,1.60
2009.12.15 15:22:20.441,7.1694,7.17195,1.60,1.60
2009.12.15 15:22:20.620,7.1697,7.17205,1.60,1.60
2009.12.15 15:22:21.260,7.1697,7.17225,1.60,1.60
2009.12.15 15:22:21.620,7.1697,7.17205,1.60,1.60
2009.12.15 15:22:26.479,7.1697,7.17195,1.60,1.60
2009.12.15 15:22:26.709,7.1697,7.17205,1.60,1.60
2009.12.15 15:22:27.579,7.1697,7.17195,1.60,1.60
2009.12.15 15:22:27.919,7.1694,7.17195,1.60,1.60
2009.12.15 15:22:28.038,7.1694,7.17185,1.60,1.60
2009.12.15 15:22:28.388,7.1692,7.17145,1.60,1.60
2009.12.15 15:22:28.778,7.169,7.17155,1.60,1.60
2009.12.15 15:22:29.138,7.1687,7.1715,1.60,1.60
2009.12.15 15:22:29.828,7.1687,7.17135,1.60,1.60
2009.12.15 15:22:30.178,7.1684,7.17115,1.60,1.60
2009.12.15 15:22:31.538,7.1682,7.1709,1.60,1.60
2009.12.15 15:22:31.877,7.1679,7.1707,1.60,1.60
2009.12.15 15:22:33.817,7.1674,7.1702,1.60,1.60
2009.12.15 15:22:34.157,7.1679,7.17065,1.60,1.60
2009.12.15 15:22:35.297,7.1679,7.1707,1.60,1.60
2009.12.15 15:22:35.597,7.1682,7.17085,1.60,1.60
2009.12.15 15:22:36.007,7.1682,7.1709,1.60,1.60
2009.12.15 15:22:37.296,7.1684,7.17105,1.60,1.60
2009.12.15 15:22:37.646,7.1684,7.17095,1.60,1.60
2009.12.15 15:22:39.316,7.1684,7.17085,1.60,1.60
2009.12.15 15:22:39.905,7.1684,7.17095,1.60,1.60
2009.12.15 15:22:40.315,7.1684,7.17105,1.60,1.60
2009.12.15 15:22:41.405,7.1684,7.17115,1.60,1.60
2009.12.15 15:22:42.655,7.1684,7.1712,1.60,1.60
2009.12.15 15:22:44.035,7.1689,7.17145,1.60,1.60
2009.12.15 15:22:44.385,7.1692,7.17165,1.60,1.60
2009.12.15 15:22:44.724,7.1692,7.17175,1.60,1.60
2009.12.15 15:22:45.584,7.1689,7.17165,1.60,1.60
2009.12.15 15:22:47.634,7.1684,7.1712,1.60,1.60
2009.12.15 15:22:49.303,7.1664,7.1706,2.40,1.60
2009.12.15 15:22:49.593,7.16575,7.1706,1.60,1.60
2009.12.15 15:22:50.164,7.16585,7.1706,1.60,1.60
2009.12.15 15:22:50.453,7.1664,7.1707,1.60,1.60
2009.12.15 15:22:50.803,7.1664,7.17055,1.60,1.60
2009.12.15 15:22:51.603,7.1664,7.17045,1.60,1.60
2009.12.15 15:22:51.963,7.1664,7.17055,1.60,1.60
2009.12.15 15:22:52.313,7.1666,7.17055,1.60,1.60
2009.12.15 15:22:52.713,7.1669,7.17105,1.60,1.60
2009.12.15 15:22:53.243,7.1669,7.1712,1.60,1.60
2009.12.15 15:22:54.922,7.1669,7.17115,1.60,1.60
2009.12.15 15:22:55.202,7.1671,7.17115,1.60,1.60
2009.12.15 15:22:55.492,7.1671,7.17135,1.60,1.60
2009.12.15 15:22:55.842,7.1671,7.17125,1.60,1.60
2009.12.15 15:22:56.172,7.1671,7.1714,1.60,1.60
2009.12.15 15:22:57.112,7.1685,7.17155,1.60,1.60
2009.12.15 15:22:58.391,7.1689,7.1717,1.60,1.60
2009.12.15 15:22:59.071,7.1689,7.17165,1.60,1.60
2009.12.15 15:22:59.761,7.1689,7.17145,1.60,1.60
2009.12.15 15:23:00.111,7.1689,7.17135,1.60,1.60
2009.12.15 15:23:00.291,7.1689,7.17145,1.60,1.60
2009.12.15 15:23:01.780,7.1677,7.17105,1.70,1.60
2009.12.15 15:23:02.130,7.1669,7.17105,1.60,1.60
2009.12.15 15:23:02.700,7.1669,7.17115,1.60,1.60
2009.12.15 15:23:05.689,7.16755,7.17115,1.00,1.60
2009.12.15 15:23:05.799,7.1687,7.17155,1.60,1.60
2009.12.15 15:23:05.920,7.1687,7.17145,1.60,1.60
2009.12.15 15:23:07.659,7.1689,7.17155,1.60,1.60
2009.12.15 15:23:08.699,7.1689,7.17135,1.60,1.60
2009.12.15 15:23:08.879,7.1687,7.17115,1.60,1.60
2009.12.15 15:23:09.109,7.1684,7.17115,1.60,1.60
2009.12.15 15:23:09.348,7.1684,7.17095,1.60,1.60
2009.12.15 15:23:10.329,7.1683,7.17095,1.60,1.60
2009.12.15 15:23:10.508,7.168,7.17065,1.60,1.60
2009.12.15 15:23:11.028,7.168,7.17075,1.60,1.60
2009.12.15 15:23:12.068,7.1683,7.17085,1.60,1.60
2009.12.15 15:23:12.468,7.1683,7.171,1.60,1.60
2009.12.15 15:23:13.428,7.1685,7.1713,1.60,1.60
2009.12.15 15:23:18.916,7.168,7.1708,1.60,1.60
2009.12.15 15:23:19.266,7.1683,7.171,1.60,1.60
2009.12.15 15:23:27.064,7.168,7.17125,1.60,2.20
2009.12.15 15:23:27.404,7.1683,7.171,1.60,1.60
2009.12.15 15:23:27.744,7.1678,7.1705,1.60,1.60
2009.12.15 15:23:28.814,7.1683,7.171,1.60,1.60
2009.12.15 15:23:29.144,7.168,7.1708,1.60,1.60
2009.12.15 15:23:30.914,7.1683,7.171,1.60,1.60
2009.12.15 15:23:34.113,7.168,7.1708,1.60,1.60
2009.12.15 15:23:35.492,7.1683,7.171,1.60,1.60
2009.12.15 15:23:35.662,7.168,7.1708,1.60,1.60
2009.12.15 15:23:36.402,7.168,7.17055,1.60,1.60
2009.12.15 15:23:36.792,7.1683,7.17055,1.60,1.60
2009.12.15 15:23:37.132,7.168,7.17065,1.60,1.60
2009.12.15 15:23:37.452,7.168,7.17055,1.60,1.60
2009.12.15 15:23:37.902,7.1678,7.1705,1.60,1.60
2009.12.15 15:23:38.061,7.1678,7.17035,1.60,1.60
2009.12.15 15:23:38.751,7.1678,7.17045,1.60,1.60
2009.12.15 15:23:39.101,7.1678,7.17035,1.60,1.60
2009.12.15 15:23:39.911,7.168,7.17035,1.60,1.60
2009.12.15 15:23:40.481,7.168,7.17045,1.60,1.60
2009.12.15 15:23:41.761,7.1683,7.17055,1.60,1.60
2009.12.15 15:23:42.050,7.1683,7.17075,1.60,1.60
2009.12.15 15:23:43.700,7.1683,7.17085,1.60,1.60
2009.12.15 15:23:44.510,7.1683,7.17095,1.60,1.60
2009.12.15 15:23:44.800,7.1685,7.17095,1.60,1.60
2009.12.15 15:23:45.661,7.1683,7.17095,1.60,1.60
2009.12.15 15:23:46.020,7.1685,7.17085,1.60,1.60
2009.12.15 15:23:46.410,7.1685,7.17095,1.60,1.60
2009.12.15 15:23:47.720,7.1685,7.17085,1.60,1.60
2009.12.15 15:23:48.299,7.1683,7.17085,1.60,1.60
2009.12.15 15:23:48.589,7.1683,7.171,1.60,1.60
2009.12.15 15:23:48.929,7.1683,7.17085,1.60,1.60
2009.12.15 15:23:49.339,7.1678,7.17045,1.60,1.60
2009.12.15 15:23:49.679,7.1678,7.17025,1.60,1.60
2009.12.15 15:23:50.029,7.168,7.17045,1.60,1.60
2009.12.15 15:23:52.558,7.1678,7.17045,1.60,1.60
2009.12.15 15:23:53.418,7.1678,7.17025,1.60,1.60
2009.12.15 15:23:53.658,7.1675,7.17015,1.60,1.60
2009.12.15 15:23:54.638,7.1675,7.17025,1.60,1.60
2009.12.15 15:23:54.987,7.1678,7.17035,1.60,1.60
2009.12.15 15:23:55.218,7.1678,7.17045,1.60,1.60
2009.12.15 15:23:55.448,7.1675,7.17025,1.60,1.60
2009.12.15 15:23:55.908,7.1669,7.1696,1.00,1.60
2009.12.15 15:23:56.198,7.1668,7.1696,1.60,1.60
2009.12.15 15:23:57.357,7.1662,7.1689,1.00,1.60
2009.12.15 15:23:57.697,7.166,7.1689,1.60,1.60
2009.12.15 15:23:58.437,7.1658,7.16885,1.60,1.60
2009.12.15 15:23:58.787,7.1667,7.16885,1.00,1.60
2009.12.15 15:23:59.137,7.166,7.169,1.60,1.60
2009.12.15 15:24:00.456,7.1669,7.169,1.00,1.60
2009.12.15 15:24:00.686,7.1663,7.1684,1.00,1.00
2009.12.15 15:24:00.966,7.1659,7.1683,1.00,1.00
2009.12.15 15:24:01.196,7.1658,7.1679,1.00,1.00
2009.12.15 15:24:01.596,7.1654,7.1675,1.00,1.00
2009.12.15 15:24:02.306,7.1654,7.1672,1.00,1.60
2009.12.15 15:24:03.356,7.1654,7.1672,1.00,1.70
2009.12.15 15:24:05.475,7.165,7.167,1.00,1.60
2009.12.15 15:24:06.095,7.165,7.1669,1.00,1.60
2009.12.15 15:24:06.735,7.1649,7.1667,1.00,1.70
2009.12.15 15:24:07.445,7.1652,7.167,1.00,1.70
2009.12.15 15:24:07.794,7.1654,7.1672,1.00,1.70
2009.12.15 15:24:09.414,7.1653,7.1671,1.00,1.60
2009.12.15 15:24:12.103,7.1654,7.1671,1.00,1.60
2009.12.15 15:24:12.433,7.1654,7.1674,1.00,1.60
2009.12.15 15:24:13.003,7.1658,7.1676,1.00,1.60
2009.12.15 15:24:13.413,7.1663,7.1681,1.00,1.60
2009.12.15 15:24:13.763,7.1659,7.1681,1.00,1.70
2009.12.15 15:24:14.113,7.1659,7.1676,1.00,1.60
2009.12.15 15:24:14.513,7.1659,7.1668,1.00,1.60
2009.12.15 15:24:14.863,7.1635,7.1668,1.60,1.60
2009.12.15 15:24:15.493,7.1637,7.167,1.60,1.60
2009.12.15 15:24:15.783,7.1639,7.1671,1.60,1.60
2009.12.15 15:24:16.052,7.164,7.1668,1.60,1.60
2009.12.15 15:24:16.333,7.1638,7.1666,1.60,1.60
2009.12.15 15:24:16.682,7.16345,7.1661,1.60,1.60
2009.12.15 15:24:17.032,7.1636,7.1663,1.60,1.60
2009.12.15 15:24:21.291,7.1638,7.1666,1.60,1.60
2009.12.15 15:24:21.461,7.1636,7.1663,1.60,1.60
2009.12.15 15:24:23.401,7.1637,7.1664,1.60,1.60
2009.12.15 15:24:23.920,7.1634,7.1661,1.60,1.60
2009.12.15 15:24:30.759,7.1636,7.1664,1.60,1.60
2009.12.15 15:24:31.169,7.1639,7.1666,1.60,1.60
2009.12.15 15:24:31.519,7.1636,7.1664,1.60,1.60
2009.12.15 15:24:34.808,7.1634,7.1661,1.60,1.60
2009.12.15 15:24:36.347,7.16315,7.1659,1.60,1.60
2009.12.15 15:24:36.697,7.1631,7.1659,1.60,1.60
2009.12.15 15:24:37.047,7.1629,7.1656,1.60,1.60
2009.12.15 15:24:37.407,7.16235,7.165,1.60,1.60
2009.12.15 15:24:37.647,7.16245,7.165,1.60,1.60
2009.12.15 15:24:37.877,7.16235,7.165,1.60,1.60
2009.12.15 15:24:38.157,7.1623,7.165,1.60,1.60
2009.12.15 15:24:38.387,7.16205,7.1648,1.60,1.60
2009.12.15 15:24:38.958,7.16195,7.1645,1.60,1.60
2009.12.15 15:24:39.307,7.162,7.1647,1.60,1.60
2009.12.15 15:24:40.517,7.1626,7.165,1.00,1.60
2009.12.15 15:24:42.396,7.1633,7.165,1.00,1.60
2009.12.15 15:24:42.756,7.1633,7.1655,1.00,1.60
2009.12.15 15:24:45.045,7.163,7.1657,1.60,1.60
2009.12.15 15:24:45.386,7.1633,7.1655,1.00,1.60
2009.12.15 15:24:47.575,7.1637,7.1655,1.00,1.60
2009.12.15 15:24:47.925,7.1639,7.1665,1.00,1.00
2009.12.15 15:24:48.265,7.1633,7.1662,1.60,1.60
2009.12.15 15:24:50.294,7.1626,7.1653,1.60,1.60
2009.12.15 15:24:50.534,7.16285,7.1653,1.60,1.60
2009.12.15 15:24:50.764,7.1626,7.1653,1.60,1.60
2009.12.15 15:24:52.304,7.1627,7.1653,1.00,1.60
2009.12.15 15:24:52.474,7.1633,7.166,1.60,1.60
2009.12.15 15:24:56.023,7.1637,7.166,1.00,1.60
2009.12.15 15:24:58.622,7.1627,7.1657,1.60,1.60
2009.12.15 15:25:14.728,7.1632,7.1659,1.60,1.60
2009.12.15 15:25:20.157,7.1628,7.16545,1.60,1.60
2009.12.15 15:25:20.457,7.1628,7.16535,1.60,1.60
2009.12.15 15:25:21.077,7.1628,7.16555,1.60,1.60
2009.12.15 15:25:21.197,7.1626,7.1653,1.60,1.60
2009.12.15 15:25:21.307,7.1631,7.16555,1.60,1.60
2009.12.15 15:25:23.926,7.1633,7.16565,1.60,1.60
2009.12.15 15:25:24.186,7.1636,7.16575,1.60,1.60
2009.12.15 15:25:24.476,7.1639,7.16625,1.60,1.60
2009.12.15 15:25:25.056,7.1639,7.16635,1.60,1.60
2009.12.15 15:25:25.456,7.1642,7.16645,1.60,1.60
2009.12.15 15:25:25.786,7.1642,7.16665,1.60,1.60
2009.12.15 15:25:26.006,7.1642,7.16675,1.60,1.60
2009.12.15 15:25:26.466,7.1642,7.16685,1.60,1.60
2009.12.15 15:25:26.865,7.1645,7.16685,1.60,1.60
2009.12.15 15:25:27.615,7.1648,7.16675,1.60,1.60
2009.12.15 15:25:27.965,7.1645,7.16675,1.60,1.60
2009.12.15 15:25:28.605,7.1645,7.16695,1.60,1.60
2009.12.15 15:25:29.185,7.1645,7.16675,1.60,1.60
2009.12.15 15:25:29.545,7.1643,7.16685,1.60,1.60
2009.12.15 15:25:29.935,7.1643,7.16675,1.60,1.60
2009.12.15 15:25:32.904,7.1643,7.16675,1.60,2.40
2009.12.15 15:25:33.134,7.16315,7.166,1.00,1.60
2009.12.15 15:25:33.295,7.163,7.166,1.60,1.60
2009.12.15 15:25:35.123,7.1638,7.166,1.00,1.60
2009.12.15 15:25:35.973,7.163,7.166,1.60,1.60
2009.12.15 15:25:36.093,7.1634,7.1657,1.00,1.60
2009.12.15 15:25:36.953,7.1638,7.166,1.00,1.70
2009.12.15 15:25:37.343,7.164,7.1659,1.00,1.00
2009.12.15 15:25:38.402,7.164,7.1658,1.00,1.00
2009.12.15 15:25:39.032,7.1641,7.1662,1.00,1.60
2009.12.15 15:25:40.332,7.1645,7.1662,1.00,1.60
2009.12.15 15:25:40.682,7.1645,7.1663,1.00,1.00
2009.12.15 15:25:40.972,7.1645,7.1662,1.00,1.60
2009.12.15 15:25:41.202,7.1641,7.1662,1.00,1.60
2009.12.15 15:25:42.402,7.164,7.1658,1.00,1.00
2009.12.15 15:25:42.692,7.164,7.1658,1.00,1.00
2009.12.15 15:25:43.341,7.1641,7.1662,1.00,1.60
2009.12.15 15:25:44.251,7.1641,7.1662,1.00,1.70
2009.12.15 15:25:46.241,7.164,7.1658,1.00,1.00
2009.12.15 15:25:48.110,7.1641,7.1658,1.00,1.00
2009.12.15 15:25:58.308,7.1642,7.1662,1.00,1.70
2009.12.15 15:25:59.098,7.1641,7.1657,1.00,1.00
2009.12.15 15:25:59.438,7.1641,7.1657,1.00,1.00
2009.12.15 15:26:05.727,7.1641,7.1657,1.00,1.70
2009.12.15 15:26:05.846,7.1641,7.1655,1.00,1.60
2009.12.15 15:26:05.956,7.1638,7.1657,1.00,1.70
2009.12.15 15:26:07.106,7.1642,7.1657,1.00,1.60
2009.12.15 15:26:07.456,7.1642,7.1661,1.00,1.00
2009.12.15 15:26:10.425,7.16455,7.1662,1.00,1.00
2009.12.15 15:26:10.775,7.1642,7.1661,1.00,1.00
2009.12.15 15:26:11.855,7.1647,7.1662,1.00,1.60
2009.12.15 15:26:12.205,7.1643,7.1662,1.00,1.00
2009.12.15 15:26:13.525,7.1647,7.1663,1.00,1.00
2009.12.15 15:26:14.724,7.1643,7.1662,1.00,1.00
2009.12.15 15:26:15.064,7.1647,7.1663,1.00,1.00
2009.12.15 15:26:16.883,7.1648,7.1667,1.00,1.70
2009.12.15 15:26:16.993,7.1648,7.1665,1.00,1.60
2009.12.15 15:26:17.403,7.1648,7.1667,1.00,1.00
2009.12.15 15:26:18.273,7.1652,7.1668,1.00,1.00
2009.12.15 15:26:18.603,7.1648,7.1667,1.00,1.00
2009.12.15 15:26:18.993,7.1652,7.1668,1.00,1.00
2009.12.15 15:26:19.743,7.1651,7.1667,1.00,1.00
2009.12.15 15:26:20.143,7.16525,7.167,1.60,1.60
2009.12.15 15:26:20.463,7.16565,7.167,1.60,1.60
2009.12.15 15:26:22.262,7.1655,7.167,1.60,1.60
2009.12.15 15:26:25.461,7.165,7.167,1.60,1.60
2009.12.15 15:26:25.851,7.1653,7.167,1.60,1.60
2009.12.15 15:26:26.601,7.165,7.167,1.60,1.60
2009.12.15 15:26:26.941,7.16495,7.1671,1.60,5.90
2009.12.15 15:26:27.291,7.165,7.167,1.60,1.60
2009.12.15 15:26:30.040,7.16525,7.167,1.60,1.60
2009.12.15 15:26:30.440,7.1655,7.167,1.60,1.60
2009.12.15 15:26:30.670,7.1658,7.167,1.60,1.60
2009.12.15 15:26:30.950,7.1663,7.167,1.60,1.60
2009.12.15 15:26:31.410,7.16605,7.1696,3.20,1.60
2009.12.15 15:26:31.650,7.1665,7.1697,1.60,1.00
2009.12.15 15:26:31.890,7.1666,7.1699,1.60,1.60
2009.12.15 15:26:32.290,7.1664,7.1696,1.60,1.60
2009.12.15 15:26:32.640,7.16625,7.169,1.60,1.60
2009.12.15 15:26:32.999,7.16605,7.1687,1.60,1.60
2009.12.15 15:26:33.340,7.1661,7.169,1.60,1.60
2009.12.15 15:26:35.489,7.1659,7.1687,1.60,1.60
2009.12.15 15:26:36.059,7.1659,7.1687,1.60,2.20
2009.12.15 15:26:36.279,7.1656,7.1685,1.60,1.60
2009.12.15 15:26:36.919,7.1659,7.1687,1.60,1.60
2009.12.15 15:26:37.518,7.1656,7.1685,1.60,1.60
2009.12.15 15:26:45.756,7.1658,7.1685,1.60,1.60
2009.12.15 15:26:59.213,7.1663,7.169,1.60,1.60
2009.12.15 15:26:59.613,7.1658,7.1685,1.60,1.60
2009.12.15 15:27:03.182,7.166,7.1688,1.60,1.60
2009.12.15 15:27:03.402,7.1657,7.1687,1.60,1.60
2009.12.15 15:27:04.952,7.1655,7.1684,1.60,1.60
2009.12.15 15:27:05.642,7.1656,7.1684,1.60,1.60
2009.12.15 15:27:09.121,7.1658,7.1687,1.60,1.60
2009.12.15 15:27:09.640,7.1658,7.16835,1.60,1.00
2009.12.15 15:27:09.880,7.16565,7.1677,1.60,1.60
2009.12.15 15:27:10.230,7.1659,7.1689,1.60,1.60
2009.12.15 15:27:12.300,7.1662,7.1689,1.60,1.60
2009.12.15 15:27:12.460,7.1659,7.1687,1.60,1.60
2009.12.15 15:27:12.860,7.1659,7.16855,1.60,1.00
2009.12.15 15:27:13.030,7.1657,7.1684,1.60,1.60
2009.12.15 15:27:13.890,7.1662,7.16855,1.60,1.00
2009.12.15 15:27:14.270,7.16555,7.1684,1.60,1.60
2009.12.15 15:27:14.609,7.1656,7.1684,1.60,1.60
2009.12.15 15:27:15.670,7.1658,7.1687,1.60,2.20
2009.12.15 15:27:15.779,7.16565,7.1687,3.20,1.60
2009.12.15 15:27:16.979,7.1661,7.1689,1.60,1.60
2009.12.15 15:27:18.868,7.1662,7.1692,1.60,1.60
2009.12.15 15:27:19.558,7.1662,7.16915,1.60,1.00
2009.12.15 15:27:19.898,7.1661,7.1689,1.60,1.60
2009.12.15 15:27:21.098,7.1662,7.1692,1.60,1.60
2009.12.15 15:27:22.188,7.16625,7.1692,1.60,1.60
2009.12.15 15:27:23.097,7.16615,7.1689,1.60,1.60
2009.12.15 15:27:23.378,7.1662,7.1692,1.60,1.60
2009.12.15 15:27:23.947,7.16705,7.16915,1.60,1.00
2009.12.15 15:27:24.247,7.16855,7.1694,1.00,2.40
2009.12.15 15:27:24.537,7.1691,7.1707,1.60,2.40
2009.12.15 15:27:24.817,7.16925,7.1722,1.60,1.60
2009.12.15 15:27:25.157,7.1697,7.17275,1.60,1.00
2009.12.15 15:27:25.507,7.1696,7.17255,1.60,1.00
2009.12.15 15:27:26.127,7.1696,7.1724,1.60,1.60
2009.12.15 15:27:26.416,7.1696,7.17235,1.60,1.00
2009.12.15 15:27:26.927,7.1699,7.17255,1.60,3.00
2009.12.15 15:27:27.046,7.1698,7.1725,1.60,1.60
2009.12.15 15:27:28.356,7.17,7.1722,1.00,1.00
2009.12.15 15:27:28.636,7.1695,7.1723,1.60,1.60
2009.12.15 15:27:29.616,7.1696,7.1717,1.00,1.00
2009.12.15 15:27:30.695,7.16935,7.172,1.60,1.60
2009.12.15 15:27:30.925,7.1696,7.1717,1.00,1.00
2009.12.15 15:27:31.215,7.16945,7.172,1.60,1.60
2009.12.15 15:27:31.386,7.1697,7.1725,1.60,1.60
2009.12.15 15:27:32.725,7.16985,7.1725,1.60,1.60
2009.12.15 15:27:33.245,7.1706,7.1737,1.60,1.60
2009.12.15 15:27:35.484,7.1709,7.17365,1.60,1.00
2009.12.15 15:27:36.384,7.1714,7.1739,1.60,2.40
2009.12.15 15:27:36.504,7.1711,7.1739,1.60,1.60
2009.12.15 15:27:37.964,7.1714,7.1741,1.60,1.60
2009.12.15 15:27:39.224,7.1719,7.1746,1.60,2.20
2009.12.15 15:27:39.563,7.172,7.1746,1.60,1.60
2009.12.15 15:27:41.913,7.1722,7.1749,1.60,1.60
2009.12.15 15:27:42.213,7.1723,7.1751,1.60,1.60
2009.12.15 15:27:42.623,7.1726,7.1753,1.60,1.60
2009.12.15 15:27:42.973,7.1728,7.17555,1.60,1.60
2009.12.15 15:27:43.133,7.1728,7.1756,1.60,1.60
2009.12.15 15:27:45.502,7.1729,7.1756,1.60,1.60
2009.12.15 15:27:46.072,7.1729,7.1756,1.60,2.20
2009.12.15 15:27:46.252,7.1727,7.1753,1.60,1.60
2009.12.15 15:27:46.532,7.1732,7.1759,1.60,3.20
2009.12.15 15:27:46.692,7.1732,7.1759,1.60,1.60
2009.12.15 15:27:47.551,7.1733,7.1759,1.60,1.60
2009.12.15 15:27:48.562,7.1734,7.176,1.60,1.60
2009.12.15 15:27:49.761,7.1734,7.1761,1.60,1.60
2009.12.15 15:27:51.351,7.1735,7.1762,1.60,1.60
2009.12.15 15:27:51.870,7.1736,7.1762,1.60,1.60
2009.12.15 15:27:52.541,7.1733,7.176,1.60,1.60
2009.12.15 15:27:53.100,7.1736,7.1762,1.60,1.60
2009.12.15 15:27:53.400,7.1736,7.1763,1.60,1.60
2009.12.15 15:27:54.010,7.1737,7.1764,1.60,1.60
2009.12.15 15:27:54.740,7.1737,7.1763,1.60,1.60
2009.12.15 15:27:55.320,7.1737,7.17615,1.60,1.00
2009.12.15 15:27:55.560,7.1737,7.1763,1.60,1.60
2009.12.15 15:27:56.240,7.1737,7.1764,1.60,1.60
2009.12.15 15:27:56.859,7.1739,7.1765,1.60,1.60
2009.12.15 15:27:57.089,7.1734,7.176,1.60,1.60
2009.12.15 15:27:57.899,7.1736,7.1763,1.60,1.60
2009.12.15 15:27:58.919,7.1736,7.1764,1.60,1.60
2009.12.15 15:28:00.338,7.1738,7.1765,1.60,1.60
2009.12.15 15:28:00.628,7.1736,7.1762,1.60,1.60
2009.12.15 15:28:00.899,7.1737,7.1761,1.00,1.00
2009.12.15 15:28:02.878,7.1743,7.1766,1.00,1.00
2009.12.15 15:28:04.277,7.1744,7.1766,1.00,1.00
2009.12.15 15:28:04.658,7.1744,7.1765,1.00,1.00
2009.12.15 15:28:05.787,7.1742,7.1765,1.60,1.00
2009.12.15 15:28:06.077,7.1741,7.1765,1.00,1.00
2009.12.15 15:28:07.587,7.17415,7.1765,1.60,1.00
2009.12.15 15:28:07.747,7.1741,7.1765,1.00,1.00
2009.12.15 15:28:08.287,7.17415,7.1765,1.60,1.00
2009.12.15 15:28:09.086,7.17415,7.1764,1.60,1.60
2009.12.15 15:28:09.436,7.1746,7.1766,1.00,1.70
2009.12.15 15:28:09.786,7.1742,7.1764,1.00,1.60
2009.12.15 15:28:10.936,7.1746,7.1766,1.00,1.70
2009.12.15 15:28:13.616,7.1741,7.1761,1.00,1.70
2009.12.15 15:28:14.945,7.1742,7.1765,1.00,1.00
2009.12.15 15:28:15.445,7.17405,7.1762,1.60,1.60
2009.12.15 15:28:15.735,7.17395,7.1758,1.60,1.60
2009.12.15 15:28:16.015,7.17415,7.1762,1.60,1.60
2009.12.15 15:28:16.295,7.17395,7.1759,1.60,1.60
2009.12.15 15:28:16.805,7.17415,7.1764,1.60,1.60
2009.12.15 15:28:17.035,7.17395,7.1762,1.60,1.60
2009.12.15 15:28:17.384,7.17395,7.1759,1.60,1.60
2009.12.15 15:28:19.414,7.17395,7.176,1.60,1.70
2009.12.15 15:28:19.654,7.1742,7.1765,1.00,1.70
2009.12.15 15:28:19.924,7.17385,7.17655,1.60,2.20
2009.12.15 15:28:20.444,7.17375,7.1755,1.60,1.60
2009.12.15 15:28:20.834,7.17345,7.1758,1.60,1.60
2009.12.15 15:28:21.403,7.17355,7.1758,1.60,1.60
2009.12.15 15:28:21.673,7.17365,7.1758,1.60,1.60
2009.12.15 15:28:21.903,7.17375,7.1758,1.60,1.60
2009.12.15 15:28:22.543,7.17355,7.1755,1.60,1.60
2009.12.15 15:28:22.833,7.17355,7.1758,1.60,1.60
2009.12.15 15:28:23.243,7.17355,7.1755,1.60,1.70
2009.12.15 15:28:23.533,7.17365,7.1755,1.60,1.00
2009.12.15 15:28:23.823,7.17365,7.1758,1.60,1.60
2009.12.15 15:28:24.723,7.17375,7.176,1.60,1.70
2009.12.15 15:28:25.122,7.17385,7.1759,1.60,1.00
2009.12.15 15:28:25.472,7.17395,7.1759,1.60,1.00
2009.12.15 15:28:26.222,7.17395,7.1757,1.60,1.00
2009.12.15 15:28:28.852,7.17405,7.1757,1.60,1.00
2009.12.15 15:28:29.072,7.1742,7.1757,1.00,1.00
2009.12.15 15:28:29.352,7.17395,7.1757,1.60,1.00
2009.12.15 15:28:29.641,7.17395,7.1762,1.60,1.00
2009.12.15 15:28:31.221,7.17395,7.1759,1.60,1.00
2009.12.15 15:28:35.821,7.17405,7.1762,1.60,1.00
2009.12.15 15:28:36.160,7.17435,7.1762,1.60,1.00
2009.12.15 15:28:36.320,7.17415,7.1762,1.60,1.00
2009.12.15 15:28:36.560,7.17405,7.1762,1.60,1.00
2009.12.15 15:28:37.259,7.174,7.1766,3.20,1.00
2009.12.15 15:28:38.539,7.174,7.1766,1.60,1.00
2009.12.15 15:28:38.829,7.17405,7.1766,1.60,1.00
2009.12.15 15:28:39.169,7.1744,7.1766,1.00,1.00
2009.12.15 15:28:42.588,7.17415,7.1766,1.60,1.00
2009.12.15 15:28:42.708,7.1744,7.1766,1.00,1.00
2009.12.15 15:28:42.878,7.175,7.1766,1.60,1.00
2009.12.15 15:28:42.998,7.175,7.1767,1.60,1.00
2009.12.15 15:28:43.338,7.17445,7.1767,1.60,1.70
2009.12.15 15:28:43.448,7.17415,7.1767,1.60,1.60
2009.12.15 15:28:43.568,7.17415,7.17625,1.60,1.00
2009.12.15 15:28:45.728,7.17405,7.17625,1.60,1.00
2009.12.15 15:28:46.118,7.175,7.17625,1.60,1.00
2009.12.15 15:28:46.457,7.17495,7.17685,1.60,1.00
2009.12.15 15:28:46.620,7.175,7.17685,1.60,1.00
2009.12.15 15:28:46.978,7.17475,7.1774,1.60,1.00
2009.12.15 15:28:47.617,7.17495,7.17725,1.60,1.00
2009.12.15 15:28:47.967,7.175,7.1769,1.00,1.00
2009.12.15 15:28:48.377,7.17505,7.1769,1.60,1.00
2009.12.15 15:28:48.727,7.175,7.1769,1.00,1.00
2009.12.15 15:28:49.127,7.1752,7.1769,1.00,1.00
2009.12.15 15:28:50.946,7.1755,7.1769,1.00,1.00
2009.12.15 15:28:51.306,7.175,7.1769,1.00,1.00
2009.12.15 15:28:57.075,7.17505,7.1769,1.00,1.00
2009.12.15 15:29:06.042,7.1751,7.1768,1.00,1.00
2009.12.15 15:29:06.722,7.1751,7.1769,1.00,1.00
2009.12.15 15:29:07.792,7.175,7.1769,1.00,1.00
2009.12.15 15:29:08.582,7.1755,7.1769,1.00,1.00
2009.12.15 15:29:09.142,7.1756,7.1773,1.00,1.00
2009.12.15 15:29:11.381,7.1756,7.17715,1.00,1.00
2009.12.15 15:29:12.731,7.1755,7.17715,1.00,1.00
2009.12.15 15:29:16.950,7.175,7.1769,1.00,1.00
2009.12.15 15:29:17.600,7.175,7.17665,1.00,1.00
2009.12.15 15:29:19.969,7.1745,7.17615,1.00,1.00
2009.12.15 15:29:20.419,7.1745,7.17615,1.00,1.00
2009.12.15 15:29:22.329,7.1741,7.17615,1.00,1.00
2009.12.15 15:29:22.609,7.1741,7.17615,1.00,1.00
2009.12.15 15:29:22.849,7.1741,7.176,1.00,1.00
2009.12.15 15:29:23.309,7.17375,7.1751,1.60,1.60
2009.12.15 15:29:23.598,7.17235,7.1751,1.60,1.60
2009.12.15 15:29:23.829,7.17235,7.17435,1.60,1.00
2009.12.15 15:29:24.178,7.17245,7.1745,1.60,1.00
2009.12.15 15:29:24.868,7.17265,7.17415,1.60,1.00
2009.12.15 15:29:25.158,7.17255,7.1743,1.60,1.00
2009.12.15 15:29:25.748,7.17265,7.17415,1.60,1.00
2009.12.15 15:29:26.048,7.17265,7.17425,1.60,1.00
2009.12.15 15:29:26.898,7.17275,7.1742,1.60,1.00
2009.12.15 15:29:28.238,7.17305,7.1753,1.60,1.60
2009.12.15 15:29:28.467,7.17325,7.1758,1.60,1.60
2009.12.15 15:29:28.697,7.17325,7.1756,1.60,1.60
2009.12.15 15:29:29.337,7.17305,7.1748,1.60,1.00
2009.12.15 15:29:29.727,7.17285,7.1748,1.60,1.00
2009.12.15 15:29:30.067,7.17305,7.1748,1.60,1.00
2009.12.15 15:29:30.467,7.17315,7.1746,1.60,1.00
2009.12.15 15:29:32.186,7.17305,7.1746,1.60,1.00
2009.12.15 15:29:32.366,7.17295,7.1746,1.60,1.00
2009.12.15 15:29:32.866,7.17285,7.1746,1.60,1.00
2009.12.15 15:29:35.275,7.17265,7.1746,1.60,1.00
2009.12.15 15:29:37.235,7.17255,7.1746,1.60,1.00
2009.12.15 15:29:37.535,7.17245,7.1746,1.60,1.00
2009.12.15 15:29:38.985,7.17245,7.1741,1.60,1.00
2009.12.15 15:29:41.034,7.17235,7.1741,1.60,1.00
2009.12.15 15:29:41.214,7.17225,7.1741,1.60,1.00
2009.12.15 15:29:41.574,7.17245,7.1741,1.60,1.00
2009.12.15 15:29:45.383,7.17245,7.1739,1.60,1.00
2009.12.15 15:29:46.023,7.17225,7.1739,1.60,1.00
2009.12.15 15:29:46.423,7.17255,7.17385,1.60,1.00
2009.12.15 15:29:47.233,7.17245,7.17385,1.60,1.00
2009.12.15 15:29:53.141,7.1719,7.17385,1.60,1.00
2009.12.15 15:29:53.661,7.17255,7.1739,1.60,1.00
2009.12.15 15:29:54.001,7.17265,7.1754,1.60,1.60
2009.12.15 15:29:54.381,7.17265,7.17435,1.60,1.00
2009.12.15 15:29:54.741,7.17295,7.17435,1.60,1.00
2009.12.15 15:29:55.821,7.17265,7.17415,1.60,1.00
2009.12.15 15:29:56.161,7.17265,7.17395,1.60,1.00
2009.12.15 15:29:59.630,7.17285,7.17395,1.60,1.00
2009.12.15 15:29:59.970,7.17265,7.174,1.60,1.00
2009.12.15 15:30:00.260,7.17275,7.17395,1.60,1.00
2009.12.15 15:30:00.840,7.17275,7.174,1.60,1.00
2009.12.15 15:30:02.159,7.17295,7.174,1.60,1.00
2009.12.15 15:30:03.129,7.1713,7.174,1.60,1.00
2009.12.15 15:30:05.478,7.17285,7.174,1.60,1.00
2009.12.15 15:30:05.988,7.17275,7.174,1.60,1.00
2009.12.15 15:30:06.158,7.17285,7.174,1.60,1.00
2009.12.15 15:30:06.328,7.17335,7.174,1.60,1.00
2009.12.15 15:30:06.498,7.17355,7.17435,1.60,1.00
2009.12.15 15:30:06.669,7.17355,7.1764,1.60,1.60
2009.12.15 15:30:06.908,7.17355,7.17535,1.60,1.00
2009.12.15 15:30:07.358,7.17355,7.17545,1.60,1.00
2009.12.15 15:30:07.928,7.17375,7.17505,1.60,1.00
2009.12.15 15:30:08.457,7.17355,7.17505,1.60,1.00
2009.12.15 15:30:09.217,7.17345,7.17505,1.60,1.00
2009.12.15 15:30:09.738,7.17355,7.17505,1.60,1.00
2009.12.15 15:30:09.957,7.17345,7.17505,1.60,1.00
2009.12.15 15:30:10.247,7.17355,7.17505,1.60,1.00
2009.12.15 15:30:10.957,7.17345,7.17505,1.60,1.00
2009.12.15 15:30:11.547,7.17295,7.17565,1.60,3.20
2009.12.15 15:30:11.717,7.17275,7.1747,1.60,1.00
2009.12.15 15:30:11.998,7.17265,7.1747,1.60,1.00
2009.12.15 15:30:12.167,7.17365,7.1747,1.60,1.00
2009.12.15 15:30:12.527,7.17235,7.1746,1.60,1.60
2009.12.15 15:30:12.876,7.17195,7.1742,1.60,1.60
2009.12.15 15:30:13.576,7.17205,7.1742,1.60,1.60
2009.12.15 15:30:13.926,7.17205,7.1745,1.60,1.60
2009.12.15 15:30:14.276,7.17215,7.1745,1.60,1.60
2009.12.15 15:30:14.636,7.17225,7.1745,1.60,1.60
2009.12.15 15:30:14.926,7.17215,7.1745,1.60,1.60
2009.12.15 15:30:16.256,7.17245,7.17485,1.60,1.80
2009.12.15 15:30:16.596,7.17235,7.1745,1.60,1.60
2009.12.15 15:30:16.816,7.17245,7.17485,1.60,1.00
2009.12.15 15:30:17.046,7.17295,7.17495,1.60,1.00
2009.12.15 15:30:17.335,7.17285,7.17485,1.60,1.00
2009.12.15 15:30:17.796,7.17275,7.17515,1.60,1.00
2009.12.15 15:30:18.135,7.17275,7.175,1.60,1.60
2009.12.15 15:30:18.485,7.17265,7.175,1.60,1.60
2009.12.15 15:30:20.145,7.17265,7.1747,1.60,1.60
2009.12.15 15:30:21.005,7.17275,7.1747,1.60,1.60
2009.12.15 15:30:23.154,7.17265,7.1745,1.60,1.60
2009.12.15 15:30:23.654,7.17265,7.1748,1.60,1.60
2009.12.15 15:30:23.984,7.17265,7.1745,1.60,1.60
2009.12.15 15:30:24.324,7.17265,7.17375,1.60,1.00
2009.12.15 15:30:26.513,7.17115,7.17375,1.00,1.00
2009.12.15 15:30:30.323,7.17225,7.17375,1.60,1.00
2009.12.15 15:30:30.802,7.17215,7.17375,1.60,1.00
2009.12.15 15:30:31.032,7.17205,7.17375,1.60,1.00
2009.12.15 15:30:31.322,7.17225,7.17375,1.60,1.00
2009.12.15 15:30:31.602,7.17245,7.17395,1.60,1.00
2009.12.15 15:30:31.892,7.17235,7.1745,1.60,1.60
2009.12.15 15:30:32.063,7.17235,7.17375,1.60,1.00
2009.12.15 15:30:32.232,7.17245,7.17375,1.60,1.00
2009.12.15 15:30:32.802,7.17245,7.17385,1.60,1.00
2009.12.15 15:30:33.721,7.17235,7.17385,1.60,1.00
2009.12.15 15:30:35.721,7.17235,7.17375,1.60,1.00
2009.12.15 15:30:37.501,7.17195,7.1737,1.60,1.00
2009.12.15 15:30:38.190,7.17195,7.17335,1.60,1.00
2009.12.15 15:30:38.520,7.17185,7.17335,1.60,1.00
2009.12.15 15:30:39.020,7.17195,7.17335,1.60,1.00
2009.12.15 15:30:40.200,7.17185,7.1732,1.60,1.00
2009.12.15 15:30:42.099,7.17175,7.1732,1.60,1.00
2009.12.15 15:30:43.399,7.17195,7.1732,1.60,1.00
2009.12.15 15:30:44.549,7.17175,7.1732,1.60,1.00
2009.12.15 15:30:44.949,7.17155,7.1732,1.60,1.00
2009.12.15 15:30:45.239,7.17145,7.1737,1.60,1.60
2009.12.15 15:30:45.529,7.17145,7.173,1.60,1.00
2009.12.15 15:30:45.819,7.17145,7.1734,1.60,1.60
2009.12.15 15:30:46.109,7.17145,7.1727,1.60,1.00
2009.12.15 15:30:55.216,7.17125,7.1727,1.60,1.00
2009.12.15 15:30:56.146,7.17145,7.1727,1.60,1.00
2009.12.15 15:30:56.316,7.17115,7.1727,1.60,1.00
2009.12.15 15:30:56.726,7.17105,7.1727,1.60,1.00
2009.12.15 15:30:57.086,7.17105,7.1723,1.60,1.00
2009.12.15 15:30:57.646,7.17115,7.1724,1.60,1.00
2009.12.15 15:30:58.006,7.17105,7.1723,1.60,1.00
2009.12.15 15:30:58.346,7.17095,7.1723,1.60,1.00
2009.12.15 15:31:01.485,7.17105,7.1723,1.60,1.00
2009.12.15 15:31:01.655,7.17105,7.17235,1.60,1.00
2009.12.15 15:31:01.765,7.17125,7.17235,1.60,1.00
2009.12.15 15:31:02.175,7.17125,7.1727,1.60,1.00
2009.12.15 15:31:02.295,7.17115,7.1727,1.60,1.00
2009.12.15 15:31:02.645,7.17105,7.1727,1.60,1.00
2009.12.15 15:31:02.984,7.17115,7.1727,1.60,1.00
